1655 2624
675 69 719 73 --
771 49 914 84 58-

132 154 167 186 3.
206 153 290 184 Prae
315 150 382 183 sole
406 148 514 183 vultus
539 146 713 187 flammeus,

203 199 251 233 Ut
274 199 330 230 nix
355 198 489 229 amictus
517 195 682 235 candidus,

205 248 245 280 In
268 248 377 278 monte
403 244 508 285 dignis
532 243 668 275 testibus

205 295 256 327 Tu
280 293 418 334 paruisti
447 292 602 324 conditor.

130 355 164 387 4.
204 352 302 384 Vates
325 350 462 383 alumnis
487 348 615 381 abditos

205 398 307 432 Nobis
333 400 476 431 vetustos
503 395 681 436 conferens,

207 446 360 487 Utrisque
383 448 417 477 te
443 444 596 477 divinitus

203 494 306 526 Deum
334 493 453 526 dedisti
478 491 620 524 credere.

829 147 859 179 5.
902 145 949 178 Te
974 153 1037 177 vox
1061 146 1199 184 paterna
1223 142 1356 174 coelitus

899 193 1000 226 Suum
1023 191 1153 224 vocavit
1175 190 1289 229 filium,

901 244 1000 281 Quem
1025 249 1082 272 nos
1108 238 1199 272 fideli
1221 241 1354 280 pectore

898 289 1019 329 Regem
1044 286 1185 320 fatemur
1210 286 1373 319 coelicum.

830 347 859 380 6.
901 346 1049 381 Concede
1072 344 1176 387 nobis,
1203 352 1403 385 quaesumus,

901 392 1007 427 Almis
1031 394 1153 426 micare
1177 391 1331 430 moribus,

900 443 946 476 Ut
962 443 1004 475 ad
1029 442 1177 483 polorum
1202 440 1321 481 gaudia

900 491 999 523 Bonis
1024 490 1180 523 vehamur
1206 487 1341 521 actibus.

508 552 538 584 7.
577 548 707 583 Laudes
731 547 792 581 tibi
816 557 874 581 nos
898 548 1077 588 pangimus

583 599 726 630 Aeterne
750 605 859 637 regum
885 605 944 628 rex
967 595 1066 634 Deus,

584 645 644 685 Qui
669 645 773 677 trinus
798 653 880 677 unus
903 646 1010 676 rector
1035 651 1068 674 es

584 693 647 725 Per
674 695 790 724 cuncta
814 700 951 732 regnans
976 691 1113 724 saecula.

212 760 275 789 Fol.
297 760 332 788 26
355 768 380 787 a.
403 775 439 778 —
464 760 541 787 Dan.
561 759 613 789 IV.
641 758 703 787 161.

768 832 824 872 65.

603 907 741 947 Hymnus
764 906 801 938 (le
821 906 989 938 Trinitate.

135 984 168 1015 1.
207 981 231 1014 Ο
266 984 359 1020 pater
392 981 513 1019 sancte,
547 978 634 1011 mitis
670 980 767 1018 atque

486 1035 517 1058 ie

207 1077 231 1109 O
270 1075 348 1108 Jesu
390 1036 530 1112 Οῂιὴξῒθῖ
576 1072 624 1105 fili
669 1082 765 1105 vene-

466 1123 579 1162 rande,

206 1172 451 1211 Paraclitusque
470 1171 603 1210 spiritus
622 1172 653 1202 et
671 1169 764 1208 alme,

306 1219 393 1251 Deus
419 1221 559 1251 aeterne,

134 1279 166 1311 2.
203 1276 345 1309 Trinitas
376 1279 488 1307 sancta
515 1274 686 1315 unitasque
710 1272 766 1305 fir-

464 1332 526 1363 ma,

207 1372 320 1404 Deitas
341 1380 429 1410 vera,
455 1371 583 1403 bonitas
601 1370 765 1408 immensa,

205 1420 278 1452 Lux
293 1420 487 1460 angelorum,
505 1419 591 1451 salus
605 1417 764 1458 orphano—

466 1476 547 1507 rum,

307 1515 452 1556 Spesque
478 1517 674 1546 cunctorum.

830 980 860 1012 3.
900 978 947 1010 Te
959 980 1034 1010 tuae
1046 979 1180 1009 cunctae
1191 977 1326 1009 laudent
1337 980 1462 1009 creatu-

900 1033 1464 1115 Servianttibicunzfiss,quaecreasti,

898 1120 966 1153 Nos
995 1129 1120 1161 quoque
1140 1120 1201 1152 tibi
1216 1120 1385 1161 psallimus
1409 1121 1462 1153 de-

1159 1171 1244 1209 vote,

1000 1216 1050 1248 Tu
1073 1225 1133 1248 nos
1159 1216 1287 1248 exaudi.

829 1276 861 1307 4.
903 1273 1015 1306 Gloria
1041 1273 1111 1316 tibi,
1138 1272 1229 1306 Deus
1250 1275 1462 1316 omnipotens,

897 1321 1016 1354 Trinus
1028 1323 1060 1354 et
1067 1330 1161 1363 unus,
1171 1330 1306 1363 magnus
1319 1325 1351 1354 et
1359 1325 1464 1354 aeter-

1161 1379 1221 1401 nus

899 1417 986 1450 Laus
1003 1417 1073 1459 tibi,
1101 1395 1239 1459 Christe,
1265 1418 1378 1459 honor,
1397 1418 1463 1457 lux,

1166 1466 1262 1498 decus
1286 1466 1342 1498 hic

1002 1512 1046 1545 Et
1071 1513 1104 1545 in
1130 1516 1306 1546 aeternum.

210 1582 273 1610 Fol.
298 1581 335 1610 26
356 1583 385 1611 h.
407 1597 445 1601 —
467 1581 542 1609 Dan.
564 1581 588 1608 Ι.
610 1580 681 1614 263;
701 1580 792 1608 Mone
816 1579 860 1607 12.

768 1652 826 1693 66.

571 1721 616 1752 De
636 1721 665 1753 S,
686 1718 852 1752 Benedicta
873 1719 1017 1759 hymnus.

136 1796 168 1828 1.
208 1794 279 1827 Rex
305 1793 443 1835 Christe,
473 1793 643 1834 dignanter
665 1789 749 1831 fave,

206 1842 246 1874 In
270 1842 368 1874 laude
391 1841 481 1882 patri
505 1841 648 1882 psallere

207 1890 251 1922 Et
279 1890 404 1922 debitas
428 1889 541 1922 laudes
567 1889 646 1921 dare

207 1937 426 1978 Nostmmque
448 1946 564 1970 munus
588 1938 724 1969 solvere.

136 1997 167 2029 2.
208 1994 281 2027 Sint
304 1995 385 2027 haec
408 1995 469 2027 tibi
492 1995 677 2036 praeconia,

210 2044 298 2082 Quae
322 2044 434 2075 nostra
456 2045 587 2083 tergant
613 2042 756 2083 crimina,

209 2091 330 2124 Orante
353 2099 413 2131 pro
438 2089 531 2123 nobis
555 2093 660 2131 patre,

207 2139 275 2171 Per
300 2147 393 2179 quem
416 2147 567 2179 rogamus
591 2141 625 2169 te
648 2138 713 2178 pie.

140 2199 173 2231 3.
213 2197 280 2230 Nos
306 2205 376 2229 esse
396 2197 475 2237 jam,
502 2196 611 2236 quales
633 2195 739 2236 jubes,

208 2245 356 2285 Largire,
382 2246 465 2277 ’tales
490 2243 573 2286 fieri,

211 2294 367 2327 Goelestis
392 2296 429 2325 ut
452 2293 539 2326 vitae
564 2292 633 2324 vias

208 2342 367 2374 Intremus
391 2341 549 2374 haeredes
574 2341 652 2381 poli.

832 1793 865 1825 4.
903 1791 1051 1825 Dilectus
1076 1792 1131 1825 hic
1155 1794 1265 1833 proles
1290 1796 1356 1833 tua,

903 1840 1142 1882 Sanffissfflus,
1168 1845 1315 1874 nostrum
1341 1841 1450 1880 decus,

904 1891 1002 1929 Quem
1028 1889 1242 1922 Benedictum
1270 1890 1416 1933 dicimus,

905 1938 936 1969 A
961 1946 1024 1977 quo
1046 1937 1157 1978 juvari
1178 1938 1355 1978 poscimus.

834 1998 867 2029 5.
905 1995 1071 2035 Adquirat
1094 1996 1149 2028 hic
1172 1996 1267 2028 nobis
1292 1999 1392 2038 tuam,

906 2044 1008 2083 Quam
1034 2044 1169 2076 coelitus
1196 2044 1262 2087 dat,
1290 2045 1428 2086 gratiam

903 2091 949 2123 Et
973 2094 1120 2131 praestet
1141 2093 1176 2124 in
1203 2092 1302 2126 coelis
1329 2102 1410 2127 eam.

906 2139 1008 2178 Quam
1032 2140 1182 2180 possidet
1203 2141 1272 2181 jam
1297 2142 1444 2183 gloriam.

835 2198 866 2230 6,
905 2196 956 2229 Sit
980 2205 1109 2238 semper
1134 2197 1266 2238 adjutor
1289 2199 1363 2239 pius

905 2244 977 2277 Nee
1001 2246 1147 2278 servulos
1173 2250 1310 2287 spernat
1336 2256 1420 2286 SUOS,

907 2293 966 2326 Cui
990 2294 1061 2326 sola
1081 2297 1155 2334 post
1180 2297 1213 2326 te
1236 2303 1312 2335 spes
1336 2296 1432 2337 inest,
1484 2318 1493 2324 ι

905 2341 972 2374 Hic
997 2344 1028 2373 et
1051 2342 1126 2383 polo
1151 2351 1210 2376 nos
1237 2343 1292 2385 qui
1313 2343 1417 2385 jubet.
