1655 2624
690 55 735 60 —
786 34 855 69 162
905 53 953 57 -

796 127 852 168 27-

628 205 671 236 De
692 203 912 236 incarnatione
926 203 962 234 D.
986 202 1018 234 N.

165 280 196 315 1.
234 278 307 312 Jam
332 278 435 310 virtus
459 276 538 308 almi
560 276 699 308 numinis
926 275 1048 306 Arcum
1077 272 1229 314 promissi
1254 270 1396 304 foederis

230 328 352 359 Aurem
377 325 562 357 subintrans
588 323 722 365 virginis
929 322 1025 355 Ponit
1049 321 1084 353 in
1109 321 1211 353 nubes
1237 319 1379 352 aetheris

231 376 383 407 Formam
407 372 550 413 suscepit
574 371 720 416 hominis,
927 371 1002 403 Irae
1026 368 1130 403 oblita
1153 367 1274 402 veteris

280 421 393 454 Carnis
417 420 525 453 ferens
549 419 645 464 viiia;
974 417 1039 451 Dei
1058 417 1236 451 miserat-io.

232 470 332 509 Quam
356 469 517 509 stupenda
539 468 697 508 genitura>
854 478 888 512 3.
926 475 1034 518 Abba,
1063 475 1168 515 patris
1192 473 1328 507 verbum
1351 473 1497 518 missum,

232 517 352 550 Contra
375 525 496 549 morem
519 515 554 548 in
578 518 704 556 flatura,
925 524 1040 556 Reduc
1064 523 1154 556 Petri
1179 526 1249 556 rete
1274 522 1421 565 scissum,

232 566 418 599 Creatorem
448 566 605 604 Osea‘fflra,
926 572 977 604 Ne
1000 580 1184 612 mergamur
1207 571 1242 603 in
1267 571 1419 610 abyssum

280 614 411 646 Patrem
435 613 537 653 gignit
559 611 637 646 filia.
974 620 1131 653 Errantes
1156 627 1216 660 per
1243 618 1353 659 devia3

160 673 193 706 2.
231 671 343 703 Hostis
367 679 462 702 serva
486 670 535 702 vis
558 668 706 709 tabescit,
925 668 1025 701 Salva
1048 676 1169 709 servos,
1195 667 1293 699 stella,
1315 666 1426 707 maris,

231 719 373 751 Mundus
399 727 493 750 arens
518 717 695 760 revirescit,
925 716 1032 749 Verbo
1057 716 1202 757 gignens,
1231 718 1264 748 et
1285 724 1357 747 eum
1380 714 1481 755 paris,

232 766 317 798 Dum
342 765 376 797 in
404 766 475 798 alvo
500 766 690 805 requirescit
925 764 1080 797 Persistis
1104 772 1185 805 quae
1210 763 1384 804 singularis

275 813 376 846 Verbi
400 813 589 847 incarnatio.
972 811 1074 853 Virgo
1099 812 1198 853 plena
1221 812 1338 853 gratia.

439 873 470 904 4.
496 871 536 905 R.
561 871 707 910 Praesta,
732 873 837 911 pater,
862 869 1048 911 verbigene‚

563 918 668 950 Natus
695 927 734 950 ex
759 918 894 959 virgine,

565 965 693 999 Solutos
717 976 736 998 a
762 966 904 998 crimine.

238 1024 283 1050 W.
307 1037 345 1042 -
366 1023 424 1050 Mis:
452 1023 503 1050 der
529 1021 731 1058 Bemerkung:
759 1021 882 1050 Canitur
907 1022 987 1050 sicut
1015 1019 1182 1058 „Patrata“.
1212 1036 1250 1041 —-
1270 1021 1328 1049 Str.
1351 1022 1369 1050 4
1391 1021 1436 1049 als
1456 1021 1493 1049 R.

159 1059 349 1097 (Rundreim)
377 1061 475 1089 hinter
501 1060 559 1088 Str.
590 1062 600 1089 1
625 1061 681 1089 Hs.
706 1076 744 1081 —-
766 1061 799 1095 2,
832 1063 843 1089 1
865 1061 914 1089 vis
934 1061 1059 1089 calescis
1076 1061 1133 1089 Hs.
1155 1074 1194 1080 --
1216 1061 1248 1094 2,
1279 1060 1296 1088 3
1317 1060 1401 1088 Dum
1419 1059 1496 1088 fehlt

160 1100 215 1128 Hs.
236 1115 274 1118 —
296 1099 324 1133 2,
349 1099 364 1126 6
385 1099 511 1127 Ponitur
531 1098 587 1128 Hs.
607 1098 684 1127 Ibid.
703 1100 736 1127 in
757 1099 837 1127 nube
857 1099 966 1127 sederis
987 1098 1043 1127 Hs.
1064 1114 1103 1119 —-
1125 1098 1149 1132 3,
1177 1101 1185 1127 1
1209 1098 1292 1127 Ebbi
1310 1099 1406 1135 patris
1427 1098 1492 1131 Hs„

166 1138 316 1166 entweder
334 1138 392 1165 wie
412 1138 489 1165 oben
508 1146 546 1165 zu
565 1137 751 1174 konig-ieron
772 1137 842 1165 oder
861 1136 938 1164 Aevi
957 1138 1052 1173 patris
1073 1146 1111 1165 zu
1132 1140 1241 1165 setzen.

796 1229 853 1271 28.

650 1307 695 1338 De
715 1306 891 1338 nativitate
911 1307 944 1339 D.
967 1308 1001 1339 N.

164 1378 196 1411 1.
233 1377 308 1410 Jam
333 1378 434 1419 caligo
459 1378 563 1410 noctis
859 1379 891 1413 3.
930 1378 1026 1411 Pavit
1049 1379 1204 1423 virginali

236 1426 274 1458 In
298 1426 402 1458 lucem
430 1426 577 1465 vertitur,
929 1426 1032 1459 Lacte
1057 1427 1142 1461 hunc
1174 1427 1321 1468 dulciter,

236 1473 373 1506 Nivibus
401 1472 536 1506 defluxis
932 1475 1030 1515 Cujus
1056 1476 1273 1517 gubernamur

236 1522 353 1554 Aestas
388 1522 562 1563 egreditur.
929 1522 995 1555 Hic
1018 1533 1116 1556 manu
1139 1523 1290 1557 feliciter.

166 1580 198 1613 2.
225 1578 297 1611 Jam
323 1579 425 1620 gignit:
448 1579 498 1611 soi
518 1578 619 1611 solem
861 1581 893 1614 4.
931 1580 1125 1614 Hominibus
1148 1581 1301 1614 miranda

236 1626 334 1667 Virgo
359 1626 554 1670 beatissima⁷
932 1628 1081 1662 Vernalis
1107 1630 1262 1672 conditio,

236 1674 345 1707 Mater
374 1675 566 1707 electissima
936 1676 1024 1710 Coeli
1048 1678 1238 1719 gubernatio

237 1722 388 1755 Divinam
413 1724 549 1763 prolem.
934 1724 1070 1766 'Depulit
1093 1726 1221 1760 molem.

557 1783 588 1814 5.
628 1781 707 1814 Dies
732 1782 894 1815 nuntiavit

628 1829 719 1862 Haec
744 1839 891 1871 novaque
913 1831 1042 1873 gaudia,

629 1877 775 1912 Christus
801 1879 963 1913 emanavit

629 1927 721 1959 Haec
745 1926 786 1959 ab
812 1928 887 1960 aula
912 1928 1011 1969 regia.

244 1981 293 2008 W.
314 1996 352 2000 —
370 1981 430 2009 Mic
459 1982 511 2010 der
529 1982 733 2019 Bemerkung:
756 1982 880 2012 Canitur
901 1985 980 2012 sieut
1001 1984 1187 2020 „Ezechielis
1208 1983 1322 2021 porta.u
1345 2001 1383 2005 —
1405 1985 1464 2015 Str.
1486 1987 1504 2014 2

167 2020 228 2047 und
249 2021 268 2048 4
289 2019 334 2048 als
351 2019 386 2048 R.
407 2020 588 2049 bezeichnet.
628 2021 686 2049 Am
714 2021 855 2051 Schlusse
877 2021 935 2051 Str.
957 2023 975 2050 2
995 2032 1033 2051 zu
1053 2024 1254 2053 wiederholen
1272 2025 1328 2053 Hs.

804 2116 861 2157 29.

611 2181 689 2215 Item
710 2182 747 2215 de
766 2183 942 2217 Nativitate
962 2184 998 2218 D.
1019 2184 1052 2216 N.

168 2241 202 2275 1.
241 2241 344 2274 Nobis
371 2245 421 2274 est
443 2246 537 2275 natus
562 2243 660 2277 hodie
865 2249 896 2280 2.
935 2246 1014 2280 Ideo
1039 2255 1097 2280 nos
1127 2248 1309 2288 terrigenae

240 2289 292 2322 De
313 2300 396 2330 pura
418 2291 545 2332 virgine
937 2294 1122 2330 Laudemus
1145 2295 1244 2329 hodie

239 2337 311 2370 Rex
336 2339 500 2383 victoriae,
939 2343 1061 2385 Regem
1085 2345 1262 2384 potentiae.
