1655 2624
848 506 879 545 1.

753 581 798 613 De
817 581 847 613 S.
868 582 967 613 Anna.

192 651 224 684 1.
263 649 361 682 Felix
387 649 464 683 Sion
488 649 556 684 filia
894 654 926 686 5.

264 697 317 730 De
341 697 444 738 stirpe
468 698 603 740 Judaea‚

264 747 370 787 Anna,
395 749 500 779 mater
531 747 667 789 Mariae,

262 794 393 828 Prodfit
416 795 460 827 ad
485 796 603 837 gaudia

265 841 421 875 Goelestis
445 843 591 877 militiae.

188 902 222 933 2.
262 899 284 934 J
284 900 410 933 oachim
436 901 588 941 copulata
893 903 924 935 6.

262 948 417 981 Matrona
442 948 539 981 beata

264 995 395 1029 Profert
417 997 539 1029 mundo
563 996 675 1038 filiam,

261 1045 350 1077 Ante
373 1053 434 1077 neo
458 1048 535 1085 port
558 1045 665 1086 aliam,

262 1092 385 1126 Christi
408 1095 546 1125 matrem
569 1093 719 1126 Mariam.

185 1152 221 1184 3,
263 1149 384 1183 :functa
407 1150 487 1183 viris
513 1149 586 1182 aliis
892 1152 924 1185 7.

260 1197 384 1231 Deioae
407 1198 529 1231 sobolis

262 1246 400 1279 Exstitit
423 1250 527 1279 mater
551 1247 618 1288 pia,

264 1294 367 1328 Nobis
393 1293 502 1327 ferens
528 1295 647 1336 gaudia

264 1343 315 1377 De
340 1345 432 1376 ‘tanta
455 1343 618 1384 prosapia.

187 1403 224 1435 4.
265 1400 441 1441 Cleopham
467 1409 539 1433 cum
564 1400 693 1433 Salome
893 1403 925 1436 8.

264 1448 370 1482 Sumis
394 1458 455 1490 pro
482 1449 627 1490 conjuge,

263 1498 363 1531 Binas
387 1498 491 1540 gignis
515 1497 650 1538 Marias,

263 1545 398 1579 Sorores
425 1545 569 1587 eximias,

264 1594 413 1628 Creatori
441 1603 545 1628 caras,

964 652 1138 685 Primaeva
1161 653 1219 685 sed
1243 656 1391 695 posteras

965 700 1145 733 Praecessit
1171 700 1252 743 liaeo
1278 700 1357 734 duas

963 748 1012 781 Ut
1034 757 1110 781 rosa
1137 749 1223 781 inter
1247 749 1358 790 spinas

963 797 1088 830 Fructu
1112 797 1312 830 nobilissimo

963 845 1151 886 Mundoque
1174 845 1329 879 inaudito.

962 902 1079 935 Altera
1100 901 1228 943 profert
1251 904 1376 943 prolem

964 950 1121 983 Jacobum
1143 950 1301 983 minorem

963 997 1086 1038 Joseph
1107 999 1230 1039 justum
1253 999 1391 1042 patiens,

964 1045 1126 1078 Simonem
1152 1046 1270 1078 Judam
1296 1047 1435 1088 jungens

965 1092 1083 1126 Grates
1111 1094 1170 1127 deo
1195 1093 1315 1128 ferens.

962 1150 1065 1184 Trina
1087 1152 1241 1191 producit
1264 1153 1391 1193 prolem

963 1198 1121 1232 Jacobum
1145 1200 1299 1240 majorem

963 1246 1008 1279 Et
1033 1247 1214 1280 Johannem
1239 1249 1391 1291 aquilam,

965 1294 1166 1336 Cognoscens
1191 1299 1328 1329 matrem
1351 1297 1444 1331 illam

963 1344 1112 1376 Arnicam
1138 1353 1260 1377 summe
1285 1354 1403 1380 earam.

961 1402 1013 1435 De
1038 1410 1171 1442 quarum
1196 1404 1351 1444 progenie

962 1449 1137 1483 Laetemur
1161 1451 1259 1483 hodie

963 1497 1095 1531 Laudes
1123 1499 1236 1532 dantes
1261 1500 1412 1540 Domino,

963 1545 1012 1579 Ut
1034 1556 1094 1579 nos
1120 1547 1161 1580 de
1186 1547 1282 1580 exilio

965 1594 1075 1627 Societ
1098 1605 1198 1637 regno
1222 1605 1290 1631 suo,

585 1653 618 1688 9.
653 1652 805 1685 Servuios
830 1652 964 1694 exiguos

654 1701 762 1742 Rogat
781 1701 936 1734 innocuos

655 1750 785 1783 Prolem
807 1752 844 1781 ut
869 1758 1089 1791 agnoscamus,

655 1799 812 1831 Fructum
838 1797 925 1831 vitae
953 1807 1117 1831 sumamus

658 1846 697 1879 In
723 1848 889 1879 aeternum
913 1847 1070 1882 vivamus

270 1913 318 1941 W.
339 1928 377 1933 -—
400 1913 470 1941 Mel.
493 1912 625 1941 offenbar
644 1911 709 1941 Ave
728 1913 909 1942 hierarchia.

844 1999 879 2039 2.

716 2081 761 2113 De
780 2081 810 2113 S¹
830 2080 1002 2114 Dorothea.

189 2156 223 2190 1.
261 2155 335 2187 Ave
359 2154 450 2194 virgo
476 2153 628 2197 gratiosa,
892 2155 924 2188 2.

264 2203 369 2244 Super
394 2210 504 2235 omnes
533 2202 691 2244 speciosa,

311 2252 475 2292 Virgoque
499 2251 685 2296 tenerrima,

263 2300 431 2333 Dorothea
454 2299 605 2341 gloriosa,

262 2348 310 2382 Es
337 2349 378 2384 de
402 2348 506 2390 stirpe
530 2356 688 2389 generosa

314 2397 380 2431 Sed
401 2396 470 2430 fide
492 2397 722 2437 pulcherrima.

962 2152 1120 2186 Dominus
1146 2154 1179 2184 te
1204 2152 1247 2184 ad
1272 2152 1403 2191 amavit,

964 2201 1045 2235 Ideo
1072 2203 1104 2232 et
1128 2200 1336 2241 praedotavit

1011 2249 1189 2282 Benedioto
1213 2248 1353 2288 nomine,

962 2299 1049 2332 Dum
1072 2301 1105 2330 te
1127 2299 1272 2330 sanctam
1299 2296 1463 2330 dedicavit

962 2347 1226 2387 Dorotheamque
1249 2346 1379 2379 vocavit

1015 2398 1054 2430 In
1078 2395 1234 2436 baptismi
1257 2392 1400 2428 flumine.
