1655 2624
150 134 183 166 3.

153 1182 185 1215 ‘NJ

681 32 944 69 *160—

221 132 290 165 Iste
313 132 377 165 Dei
401 129 550 173 famulus,
846 131 879 163 4.
920 129 994 162 Lux
1017 129 1122 161 oritur
1146 127 1277 168 populis

221 179 338 220 Regali
360 183 452 212 veste
474 180 619 223 indutus,
917 177 1085 210 stantibus
1109 176 1146 208 in
1170 175 1325 218 tenebris,

268 228 411 268 Rapiens
433 228 592 268 justitiam
965 224 1079 258 Gloria
1101 224 1136 256 in
1158 223 1308 265 excelsis,

270 275 389 309 Contra
413 276 507 316 eglon
530 275 659 308 Goliam
964 273 1084 314 Angeli
1106 271 1172 304 tuis
1196 272 1345 305 mammis

315 323 395 357 Exit
418 326 629 363 pugnaturus,
1011 320 1153 353 Cantant
1174 320 1391 355 incessanter.

221 380 310 414 Coeli
335 383 448 413 auctor
472 381 629 420 graditur,
914 379 986 411 Ave
1010 386 1141 419 germen
1166 377 1301 419 gratiae,

219 429 285 462 Per
310 437 402 469 quem
426 428 528 460 hostis
559 429 694 471 rapitur,
913 427 964 459 Tu
991 426 1088 460 decus
1115 426 1280 469 ecclesiae,

268 475 321 508 Ne
343 478 530 516 praesumat
552 474 678 519 fallere,
962 474 1058 507 Hanc
1084 477 1247 507 catervam
1269 476 1412 516 protege

269 522 334 556 Sed
358 526 434 564 post
459 532 530 556 eum
555 523 646 556 abire
960 522 1076 555 Coram
1103 522 1235 555 coelesti
1259 531 1347 563 rege,

317 570 454 604 Studeat
479 570 639 604 confusus.
1009 571 1154 603 Petimus
1179 573 1358 612 gratanter.

221 627 246 660 O
272 628 411 670 genitrix
435 628 614 672 plasmatis,
916 628 1010 661 Omni
1032 629 1120 669 genti
1145 629 1299 669 solamen,

220 675 359 708 Laetare
384 684 454 708 cum
479 676 593 716 beatis,
917 676 1011 709 Olero
1034 677 1090 709 det
1112 676 1307 717 relevamen,

268 723 355 762 Quae
378 723 464 756 hune
488 723 636 764 genuisti.
962 724 1035 756 Jam
1060 725 1204 758 dicamus
1229 726 1345 759 Amen.

226 788 273 816 W.
295 803 307 807 —
319 804 331 805 e
351 789 421 817 Mel.
443 788 533 817 Salve
552 791 658 826 regina
676 789 801 825 gloriae.
823 803 858 808 —
880 790 905 825 3,
927 789 947 818 4
965 790 1083 826 galeam
1103 790 1159 819 Hs.

667 925 712 957 De
732 925 762 957 S.
784 925 955 958 Dorothea.

225 980 392 1013 Puellulae
413 980 572 1022 amabilis,
843 985 875 1016 4.
914 983 1073 1016 Rosarum
1097 981 1193 1016 flores
1222 993 1293 1017 cum
1318 984 1439 1026 pomis?

222 1027 407 1061 Dorotheae
434 1028 618 1070 laudabilis,
915 1031 993 1064 Veri
1019 1040 1139 1072 sponsa
1161 1031 1343 1066 Salomonis

225 1076 340 1110 Coetus
365 1077 468 1109 laetus
492 1080 646 1117 personet
914 1078 976 1112 His
1004 1088 1133 1120 compos
1156 1081 1291 1114 rationis

272 1124 358 1157 odas
386 1124 532 1159 dulciter.
965 1127 1091 1161 Clamat
1117 1128 1291 1162 divinitus:

223 1179 362 1220 Equulei
387 1182 573 1221 gravamina
843 1187 875 1218 5.
912 1185 1075 1218 Venustus
1103 1185 1156 1218 dei
1180 1187 1308 1228 genitus

221 1228 334 1261 Coram
361 1232 455 1269 gente
479 1229 632 1272 Jebuzea,
915 1232 1092 1266 Gentilium
1115 1232 1262 1267 funditus

220 1275 426 1309 Flamnarum
450 1277 595 1311 uramina
914 1280 1074 1314 Contrivit
1098 1283 1269 1316 daemonia

269 1324 369 1357 Victit
395 1323 532 1360 fortiter.
962 1331 1028 1364 Sua
1051 1330 1168 1371 gratia.

222 1381 400 1421 Theophilo
425 1384 552 1416 notario
842 1387 874 1420 6.
913 1386 1012 1420 Suam
1035 1396 1148 1420 necem
1174 1387 1357 1421 colentibus

221 1428 272 1461 De
298 1429 379 1461 coeli
402 1431 544 1464 sacrario
913 1434 981 1468 Piis
1005 1438 1079 1468 orat
1101 1435 1243 1479 fletibus,

220 1476 334 1509 Mense
358 1476 537 1511 Februario
913 1483 1133 1524 Supernorum
1164 1484 1313 1518 dominus

267 1525 373 1558 Mittit
398 1526 532 1559 coelitus
963 1531 1009 1565 Ut
1034 1532 1091 1564 det
1116 1533 1261 1575 gratiam.

545 1585 563 1617 7
570 1610 576 1616 .
616 1586 723 1619 Ovans
750 1595 841 1620 ovem
864 1588 899 1621 in
923 1589 1055 1623 aethere

610 1633 679 1666 Nos
701 1635 817 1676 jungat
842 1637 923 1669 coeli
948 1638 1057 1671 curiae

610 1680 672 1714 Pio
698 1683 850 1717 oramine.

223 1735 272 1763 W.
292 1750 331 1755 ——
352 1734 408 1764 Str.
431 1738 447 1764 7
475 1737 556 1766 steht
575 1737 619 1766 als
640 1739 676 1767 R.
699 1737 883 1777 (Rundreim)
903 1742 1003 1771 hinter
1022 1742 1079 1772 Str.
1095 1744 1121 1771 2.

781 1814 841 1855 24.

616 1874 696 1908 Item
718 1875 756 1908 (le
775 1876 805 1909 S.
826 1878 997 1911 Dorothea.

173 1951 179 1957 .
218 1926 323 1960 Deum
350 1929 430 1962 coeli
457 1930 674 1965 collaudemus
843 1936 874 1969 2.
916 1937 941 1969 Ο
970 1937 1108 1970 dulcedo
1133 1939 1277 1980 pietatis,

267 1976 436 2017 Virginum
460 1987 530 2011 cum
552 1981 688 2022 agmine,
960 1985 1033 2018 Rex
1059 1986 1221 2020 coelorum
1248 1988 1388 2029 domine,

219 2032 335 2066 Omnes
360 2035 455 2068 simul
481 2036 685 2072 decantemus
915 2042 1129 2083 Temporibus
1155 2044 1210 2084 qui
1233 2045 1367 2078 mutatis

266 2081 369 2115 Laeto
392 2084 620 2119 modulamine.
959 2091 1081 2131 Reples
1105 2094 1227 2126 terram
1251 2093 1409 2134 germine.

217 2138 341 2181 Regina
367 2140 494 2183 decora,
910 2147 983 2180 Hoc
1007 2148 1146 2181 invisum
1171 2148 1271 2192 facto,

217 2188 330 2221 Puella
352 2190 480 2231 nobilis,
911 2196 1092 2231 Februario

215 2235 382 2270 Dorothea
407 2247 484 2272 cara
910 2243 1018 2279 Rosae
1043 2244 1119 2279 dum
1142 2246 1317 2282 mittuntur

215 2282 261 2316 Et
285 2286 444 2327 amabilis,
911 2293 942 2324 A
966 2295 1001 2325 te
1024 2294 1152 2327 notario

213 2330 338 2374 Regum
363 2337 434 2367 orta
465 2344 592 2376 genere.
1045 2350 1105 2383 pro
1129 2343 1287 2384 praemio.

675 2379 782 2436 <5⁸5oe
806 2374 849 2406 oF
877 2374 1062 2466 MEDlAk-Zq(

613 2410 677 2466 ,ᾧ

619 2510 622 2513 Ι
732 2481 782 2504 ΒΤ.
807 2484 992 2512 ΜΙΟΗΑΕΙ-Ἐ
1065 2461 1112 2505 όὲᾸ

769 2538 923 2565 Gom-HGE
1039 2518 1118 2595 ,ἒ
