1655 2624
721 54 962 91 „57—

174 152 205 184 7.
244 151 295 184 Tu
321 152 467 185 caritatis
492 152 589 194 filius,

243 199 397 233 Minister
420 200 652 242 indulgentiae,

245 250 396 290 Agnosce
420 258 479 282 nos
502 252 540 282 ut
562 250 724 295 proprios,

247 296 359 336 Culpis
385 296 464 330 licet
490 299 670 332 extraneos

251 353 315 382 Fol.
338 354 374 382 24
396 355 425 381 b.
448 368 483 374 --
509 357 535 387 3,
557 354 574 381 2
594 354 636 382 Et
655 362 722 382 cum
736 354 856 382 deducit
868 354 923 381 Hs.

873 155 904 188 8.
944 154 1001 195 Te,
1028 155 1139 185 sancte
1162 153 1250 186 Deus
1275 152 1415 195 trinitas,

944 201 1092 241 Superna
1116 201 1228 234 laudet
1252 200 1377 243 civitas,

945 250 1009 282 Per
1034 250 1119 282 hunc
1142 248 1217 291 fide,
1243 258 1305 290 qua
1329 248 1477 288 vivimus,

944 297 1067 338 Dignos
1092 297 1155 329 tuis
1180 297 1234 330 fac
1258 296 1418 330 laudibus

991 355 1016 385 4,
1033 356 1049 382 5
1062 355 1158 382 Intrat
1176 362 1233 390 quo
1248 361 1341 389 equus
1355 353 1502 380 maximus

174 391 228 419 Hs.
256 408 288 412 —
310 393 342 427 5,
370 393 386 421 3
407 393 469 420 und
490 395 508 421 4
527 392 680 428 verder-bt3
700 392 877 427 Konjektur,
900 392 948 420 die
968 392 1021 419 dan
1043 392 1142 427 Shgel
1164 392 1214 420 der
1234 389 1507 419 Walnscheinlieh-

173 429 238 458 keil:
256 431 350 467 trfige,
372 430 538 468 schwierig.

818 485 874 525 63.

389 548 423 580 In
447 546 732 587 transfiguratione
750 546 875 578 Domini
895 546 1029 586 hymnus
1052 545 1092 578 ad
1112 548 1294 578 nocturnas

177 605 207 639 1.
249 604 274 637 Ο
292 607 381 637 sator
398 612 518 646 rerum,
537 605 708 643 reparator
724 603 806 644 aevi,

248 652 378 686 Christe
403 660 462 685 rex
486 660 607 694 regum,
635 651 809 684 metuende

512 707 635 740 censor,

248 747 298 780 Tu
320 755 435 787 preces
468 750 595 780 nostras
624 747 811 788 pariterque

509 795 624 827 laudes

351 842 487 884 Suscipe
510 846 629 886 grates,

177 901 209 934 2.
245 901 361 933 Noctis
371 910 410 933 en
421 909 516 933 eursu
531 900 592 932 tibi
599 900 815 933 votalaudum

249 949 435 989 Pangimus,
456 951 600 989 praesta,
619 948 679 980 tibi
696 949 762 981 sint
778 950 815 979 ut

513 998 610 1036 aptae

249 1044 381 1084 Nosque
409 1046 564 1076 concentu
594 1052 716 1076 renova
739 1052 812 1084 per-

513 1091 596 1131 enni,

350 1139 497 1172 Luminis
523 1141 647 1172 auctor.

179 1198 210 1232 3.
249 1197 341 1230 Inter
365 1197 472 1230 Eliam
497 1196 699 1237 Moysenque
723 1197 813 1228 vates

250 1245 298 1279 Ut
319 1245 418 1285 jubar
436 1245 513 1277 solis
535 1243 622 1277 facie
637 1242 813 1286 refulgens,

253 1293 416 1327 Candidas
453 1296 561 1325 vestes
595 1292 679 1325 nivis
711 1292 815 1324 instar

513 1341 606 1374 almis

353 1390 402 1422 Tu
427 1390 590 1422 reserasti.

179 1448 211 1482 4.
250 1447 300 1480 Tu
337 1447 390 1479 dei
423 1456 503 1487 prae
535 1446 586 1478 his
613 1448 708 1487 patre
731 1449 816 1479 teste

513 1495 633 1536 proles,

252 1544 366 1583 Tuque
391 1546 576 1576 sanctorum
604 1543 700 1576 decus
718 1551 814 1583 ange-

512 1593 630 1632 lorum,

252 1640 302 1672 Tu
309 1640 396 1672 salus
404 1640 528 1681 mundi,
545 1640 608 1683 via,
622 1639 699 1681 vita,
711 1640 815 1673 virtus

353 1687 506 1722 Crederis
532 1696 613 1720 esse.

875 604 905 636 5.
946 604 999 637 Da
1018 604 1087 636 dies
1103 603 1196 635 nobis
1208 602 1373 642 probitate
1386 601 1510 635 faustos

944 648 1091 694 Morti[s]
1127 648 1303 693 ignara[m]
1337 650 1512 683 tribuendo

1208 698 1317 739 vitam,

946 747 1080 787 Semper
1104 749 1141 778 ut
1163 748 1290 779 nostros
1315 749 1372 778 tua
1395 747 1438 778 sit
1453 755 1514 786 per

1208 797 1298 826 actus

1054 842 1166 875 Gloria
1188 850 1316 882 perpes.

879 902 911 934 6.
950 899 1020 934 Ure
1044 909 1098 932 eor
1122 903 1279 939 nostrum,
1301 900 1393 939 jecur
1418 901 1515 939 atque

1211 947 1337 979 lumbos

949 997 1029 1037 Igne
1051 995 1159 1028 divino
1177 994 1354 1035 vigilesque
1369 1004 1427 1026 nos
1445 993 1509 1035 fac,

950 1043 1085 1083 Semper
1113 1042 1265 1074 ardentes
1288 1042 1436 1074 manibus
1462 1042 1511 1074 lu-

1217 1098 1329 1122 cernas

1050 1138 1097 1171 Ut
1124 1140 1300 1171 teneamus.

878 1197 910 1228 7.
948 1196 1029 1228 Esto
1039 1198 1074 1227 tu
1082 1199 1193 1228 noster
1203 1195 1292 1227 cibus
1302 1198 1398 1236 atque
1404 1199 1512 1237 potus,

949 1244 1000 1276 Tu
1011 1243 1115 1283 labor,
1133 1244 1247 1284 virtus,
1262 1243 1400 1284 requies,
1415 1244 1514 1276 amic-

1211 1294 1273 1331 tus,

949 1339 1049 1372 Livor
1058 1340 1207 1381 absistat,
1216 1342 1334 1379 tumor,
1340 1339 1401 1381 ira,
1406 1341 1514 1381 luxus,

1051 1388 1184 1420 Moeror
1211 1390 1244 1419 et
1267 1388 1381 1421 omniS.

883 1447 916 1479 8.
955 1445 1080 1478 Lumen
1105 1444 1262 1486 infunde,
1287 1445 1439 1478 tenebras
1463 1454 1515 1477 re-

1213 1493 1310 1534 pelle,

950 1539 1055 1575 Aufer
1081 1539 1194 1574 infesti
1217 1541 1348 1581 laqueos
1376 1541 1512 1583 celydri,

950 1589 1069 1622 Vincla
1095 1589 1247 1630 dissolve,
1279 1589 1439 1622 coelorum
1466 1588 1519 1622 fer

1214 1643 1304 1670 astra

1054 1686 1218 1719 Scandere
1241 1686 1347 1719 nobis.

439 1746 470 1779 9.
512 1746 634 1787 Gloria,
662 1746 775 1783 virtus,
799 1745 861 1778 tibi
885 1744 939 1785 sit,
967 1746 1102 1789 creator,

511 1793 634 1827 Cuncta
657 1794 711 1834 qui
734 1794 821 1827 solus
846 1792 989 1826 retinens
1014 1792 1174 1833 gubernas

511 1843 549 1875 In
574 1842 690 1875 throno
718 1842 808 1884 regni
834 1842 904 1874 sine
927 1839 993 1873 fine
1017 1849 1155 1882 regnans

606 1890 725 1923 Trinus
750 1893 782 1923 et
805 1898 897 1923 unus

258 1948 322 1976 Ful.
347 1948 383 1976 25
406 1957 432 1975 a.
452 1963 492 1967 —
514 1948 538 1982 2,
566 1947 582 1974 2
602 1950 636 1975 ut
657 1950 742 1984 aptas
759 1947 814 1976 Hs.
836 1962 868 1967 —
894 1946 921 1980 2,
945 1946 960 1974 3
982 1954 1092 1974 renove
1109 1945 1165 1973 Hs.
1181 1961 1216 1964 —
1232 1945 1257 1979 3,
1280 1946 1297 1973 2
1311 1946 1404 1974 facies
1419 1946 1474 1974 Hs.
1489 1960 1519 1964 —

181 1988 241 2016 Str.
275 1988 346 2015 1——4
372 1986 433 2015 und
455 1987 472 2015 9
500 1986 577 2014 auch
601 1987 634 2014 in
661 1986 748 2014 Brcv.
778 1995 833 2014 ms.
853 1984 950 2014 Palat.
971 1985 1099 2013 Vindob.
1130 1985 1208 2013 1826.
1234 1993 1311 2013 saec.
1335 1985 1385 2021 123
1409 1985 1519 2013 Diui-n.

179 2034 234 2054 ωε.
255 2026 351 2054 Palat⁴
371 2025 501 2054 vindob.
524 2025 608 2060 (olim
629 2023 841 2061 Lunaelacen.]
865 2024 939 2054 1968
960 2032 1036 2052 saec.
1061 2025 1104 2052 14.

820 2089 877 2131 64.

536 2153 626 2186 Alius
646 2154 780 2194 hymnus
803 2153 841 2186 de
859 2152 1158 2195 transfiguratione.

183 2214 214 2246 1.
260 2213 285 2246 O
310 2215 389 2246 nata
412 2213 470 2245 lux
496 2211 537 2245 de
561 2212 692 2250 lumine,

255 2261 332 2294 Jesu
358 2262 547 2301 redemptor
571 2261 703 2300 saeculi,

253 2309 401 2351 Dignare
426 2310 566 2342 clemens
592 2309 775 2351 supplicum

252 2358 381 2393 Laudes
407 2367 585 2400 precesque
609 2367 746 2393 sumere.

886 2212 917 2244 2.
958 2210 1018 2250 Qui
1044 2219 1142 2243 carne
1167 2210 1328 2251 quondam
1355 2209 1483 2249 contegi

955 2259 1117 2300 Dignatus
1142 2267 1177 2290 es
1202 2267 1262 2300 pro
1287 2258 1436 2299 perditis,

953 2308 1022 2341 Nos
1048 2307 1193 2340 membra
1218 2306 1330 2340 confer
1356 2305 1443 2339 effici

953 2356 1014 2389 Tui
1040 2356 1128 2389 beati
1155 2356 1309 2397 corporis.
