1655 2624
763 100 805 106 ᾔ
861 81 906 118 67
961 105 1004 109 -

849 176 907 217 82.

627 252 766 292 Hymnus
788 252 825 284 de
844 253 959 286 Sancto
979 254 1126 287 Martinu-

212 321 242 353 1.
281 321 353 354 Rex
379 322 519 362 Christe,
545 322 682 355 Martini
708 324 817 367 decus,
907 325 941 357 4.
981 325 1027 358 Ut
1053 326 1119 358 vita
1142 324 1245 366 fulget
1270 326 1437 368 transitus,

283 369 346 402 Hic
370 370 440 402 laus
466 373 531 411 tua,
557 374 594 403 tu
618 371 716 412 illius,
980 373 1085 406 Coelis
1112 377 1145 405 et
1169 382 1247 405 arvo
1272 374 1455 414 splendidis

279 418 329 450 Tu
353 427 412 450 nos
437 419 472 450 in
496 418 559 450 hoc
582 421 616 450 te
641 420 757 459 colere,
979 420 1130 453 Gaudere
1155 421 1277 453 cunctis
1301 422 1390 462 pium
1416 425 1475 463 est,

280 465 363 505 Quin
387 466 494 506 ipsum
519 466 553 498 in
578 469 612 498 te
636 467 753 500 tribue.
977 468 1107 501 Cunctis
1133 469 1219 501 salus
1244 469 1288 501 sit
1312 470 1392 502 haec
1416 470 1496 502 dies.

207 524 238 555 2.
279 523 340 562 Qui
365 524 433 564 das,
459 532 520 563 per
545 523 632 556 orbis
660 524 807 556 cardines
905 526 937 557 5.
975 525 1061 557 Erili
1085 528 1181 558 nocte
1205 526 1314 558 media

277 571 369 610 Quod
386 580 513 612 gemma
531 570 635 612 fulget
646 572 842 612 praesulum,
973 573 1128 607 Abrahae
1153 574 1225 605 sinu
1250 574 1359 615 subiit,

275 619 336 660 Da,
348 620 706 660 quospremuntculpac
716 628 842 661 graves,
974 620 1034 660 Qui
1056 630 1137 661 pace
1161 621 1280 661 migrat
1303 622 1442 665 reddita,

276 666 389 700 Solvat
414 676 474 707 per
498 668 610 708 ingens
635 668 795 702 meritum.
976 669 1077 708 Quam
1096 669 1208 702 reddit
1224 672 1257 701 et
1274 678 1359 701 nunc
1378 670 1535 710 dyscolis:

204 726 236 758 3.
271 724 322 757 En
348 733 474 765 pauper
498 724 552 756 hic
582 728 615 756 et
638 725 782 757 modicus
902 727 934 759 6.
973 727 1125 769 Mai-tine,
1151 726 1289 759 mundus
1315 731 1349 759 te
1374 728 1452 760 colit

273 772 389 805 Polum
416 773 506 805 dives
531 773 723 814 ingreditur,
973 775 1163 808 Consertum
1187 778 1224 807 ut
1247 775 1413 819 apostolis,

275 820 364 853 Coeli
390 821 530 853 honores
556 821 698 862 obviant,
972 823 1075 855 Voces
1101 825 1291 864 precantum
1313 824 1453 866 suscipe,

273 868 428 910 Linguae,
455 869 570 910 tribus,
597 872 708 910 gentes
731 873 838 902 ovant.
971 871 1112 913 Cunctis,
1141 871 1227 911 quod
1254 874 1357 912 egent,
1385 871 1505 905 obtine.

554 928 586 960 7.
629 926 679 959 Sit
704 927 845 959 trinitati
870 927 984 967 gloria,

628 975 791 1007 Martinus
817 978 855 1006 ut
879 974 1045 1008 confessus
1072 979 1130 1017 est,

626 1022 725 1063 CuJus
746 1021 844 1054 fidem
867 1031 928 1063 per
953 1033 1053 1064 opera

627 1070 687 1109 Qui
712 1078 840 1110 semper
863 1071 899 1102 in
923 1080 982 1103 nos
1007 1071 1148 1104 roboret.

275 1135 339 1164 Fol.
363 1135 398 1164 35
421 1136 449 1164 b.
481 1150 508 1154 —
528 1137 621 1164 Mone
643 1136 725 1164 1071.
748 1151 787 1155 -
809 1138 833 1170 1,
857 1136 873 1165 3
895 1137 928 1164 in
947 1136 1025 1165 hune
1046 1137 1101 1166 Hs.
1123 1154 1131 1158 -
1183 1139 1208 1172 -1,
1228 1138 1244 1165 2
1265 1146 1338 1166 ,ti-va
1356 1139 1412 1166 ΗΓ.

819 1307 920 1340 Alius.

197 1380 229 1412 1.
269 1379 415 1412 Martine
438 1387 500 1419 par
522 1379 687 1419 apostolis,
895 1380 928 1413 3.
967 1378 1028 1418 Qui
1053 1382 1103 1411 ter
1130 1378 1226 1411 chaos
1254 1379 1407 1423 eviceras,

266 1427 402 1460 Festum
428 1427 569 1459 colentes
594 1430 630 1458 tu
654 1425 740 1467 fove,
965 1427 1093 1459 Mersos
1119 1429 1211 1459 reatu
1236 1428 1368 1469 suscita,

268 1476 328 1515 Qui
353 1476 464 1507 vivere
490 1475 657 1515 discipulis
963 1475 1133 1507 Diviseras
1157 1477 1195 1506 ut
1219 1475 1433 1518 chlamydem,

266 1524 324 1556 Vis
350 1526 405 1556 aut
430 1524 523 1563 mori,
549 1532 608 1555 nos
633 1523 770 1563 respice.
968 1523 1037 1556 Nos
1060 1524 1160 1556 indue
1181 1524 1352 1563 justitiam.

196 1584 227 1615 2.
266 1582 337 1615 Fac
358 1590 454 1622 nunc,
482 1581 568 1622 quod
586 1581 663 1613 olim
680 1590 836 1624 gesseras,
896 1584 927 1615 4.
967 1580 1015 1614 Ut,
1039 1581 1190 1622 specialis
1215 1582 1339 1622 gloriae

268 1630 365 1662 Nunc
388 1629 556 1670 praesules
582 1628 735 1670 clarifica,
969 1629 1137 1669 Quondam
1161 1630 1345 1662 recorderis
1371 1634 1458 1673 tuae,

267 1679 361 1720 Auge
385 1679 448 1719 piis
475 1678 641 1719 ecclesiae,
965 1678 1148 1711 Monastico
1173 1687 1259 1710 nunc
1283 1679 1391 1711 ordini

266 1726 416 1759 Fraudes
442 1727 527 1759 elide
552 1726 719 1760 sathanae.
967 1726 1041 1759 Jam
1064 1735 1169 1768 paene
1192 1727 1285 1767 lapso
1310 1727 1460 1762 subveni⁷

548 1788 578 1818 5.
619 1783 670 1816 Sit
692 1784 831 1816 trinitati
857 1784 971 1825 gloria,

620 1832 782 1865 Martinus
801 1836 839 1865 ut
864 1831 1029 1866 confessus
1057 1837 1115 1877 est,

623 1881 721 1921 Cujus
746 1880 845 1913 fidem
869 1890 930 1922 per
955 1890 1056 1922 opera

623 1930 683 1968 Qui
708 1938 836 1971 semper
859 1930 895 1962 in
918 1940 977 1963 nos
1002 1932 1144 1964 roboret.

269 1997 334 2026 Fol.
352 1996 388 2025 36
417 2004 444 2024 a.
468 2011 505 2015 -
525 1995 617 2024 Mone
641 1995 723 2030 1071,
744 1995 781 2023 V.
804 1996 839 2023 17
860 1995 889 2023 ff.

762 2159 840 2191 Item
862 2158 955 2191 alius.

188 2232 220 2264 1.
258 2232 414 2275 Martine,
436 2232 569 2272 praesul
595 2231 726 2273 obtime,
889 2233 921 2265 2.
961 2231 1064 2272 ovile,
1092 2234 1213 2274 sancte,
1241 2241 1301 2263 nos
1326 2233 1417 2263 tuum

259 2280 353 2315 Salus
378 2284 491 2313 nostra
517 2283 549 2313 et
574 2280 725 2324 omnium,
960 2280 1087 2321 Sumus,
1123 2280 1210 2321 quod
1235 2279 1312 2312 hinc
1336 2280 1371 2311 in
1396 2280 1533 2314 aethera

259 2329 355 2366 Fusis
380 2338 553 2370 precamur
577 2329 740 2370 precibus,
959 2329 1050 2362 Leva
1073 2329 1250 2370 precando,
1278 2337 1480 2372 quaesumus,

258 2377 362 2410 Nobis
388 2378 529 2414 obtende
553 2379 691 2411 veniam.
960 2377 1099 2411 Summis
1125 2377 1307 2411 adhaerens
1334 2378 1493 2414 coetibus.

1314 2434 1350 2465 5*
