1655 2624
659 53 907 89 —64—

753 165 811 206 76.

567 262 706 302 Hymnus
727 261 764 294 ‹le
785 261 815 293 S.
836 260 999 293 Michaele.

121 358 155 391 1,
197 355 324 389 Christe
356 356 539 387 sanctorum
571 352 669 386 decus
697 361 754 384 an·
818 353 850 385 3.
890 350 1035 391 Angelus
1076 346 1172 380 fortis
1214 345 1365 388 Gabriel,
1414 347 1451 377 ut

460 401 613 442 gestorum,
1149 396 1276 427 hostem

192 451 314 483 Reotor
368 449 501 482 humani
549 449 675 490 generis
723 456 756 480 eu
887 445 996 479 Pellat
1037 444 1216 523 αῃῇᾳηῃῖῗό
1254 442 1370 474 volitet
1410 439 1451 473 ab

194 545 295 578 Nobis
328 500 632 578 αεΐειᾛυῖιωῒξῑῖἰῖωθ
663 543 755 576 beni-
890 541 1026 581 Saepius
1068 501 1227 580 tempium·
1262 538 1372 571 veniat
1409 537 1451 570 ad

453 602 532 635 gnus
1149 587 1239 620 istud

292 641 455 674 Scandere
477 649 618 681 regnum.
985 636 1141 669 Misertus
1165 635 1279 668 nostri.

128 729 160 760 2.
198 728 356 768 Angelum
383 727 473 767 pacis
489 726 631 760 Michael
651 726 694 759 ad
711 727 755 758 is-
819 728 851 759 4.
889 724 1050 764 Angelum
1079 722 1182 763 nobis,
1215 721 1378 754 medicum
1402 730 1454 753 sa-

1152 769 1231 802 lutis

199 822 340 856 Coelitus
371 777 670 862 mittgfflssgitamus
700 830 755 853 au-
892 819 991 852 Mitte
1025 819 1065 851 de
1099 818 1196 850 coelis
1225 795 1385 857 {taphaeL
1419 818 1455 848 ut

457 871 533 910 lam,
1152 874 1262 898 omnes

200 917 301 951 Nobis
321 920 358 950 ut
376 917 488 950 erebro
504 918 653 950 veniente
671 926 755 950 cres-
892 915 990 948 Sanet
1009 916 1157 955 aegrotos
1175 914 1364 954 pariterque
1380 921 1455 945 nos-

1156 964 1224 993 tros

293 968 600 1055 Prosperacgililitmta.
988 1010 1117 1051 Dirigat
1140 1012 1242 1043 actus,

432 1092 463 1123 5.
503 1090 567 1123 Hic
590 1088 654 1121 Dei
677 1088 781 1121 nostri
806 1087 945 1129 genitrix
969 1086 1087 1126 Maria,

504 1137 604 1169 Totus
632 1139 663 1168 et
688 1135 790 1168 omnis
818 1136 933 1167 chorus
959 1134 1145 1175 angelorum

502 1184 638 1225 Semper
662 1185 792 1217 assistat
817 1183 912 1215 simul
937 1185 970 1214 et
991 1182 1088 1215 beata

590 1231 707 1265 Conoio
732 1234 810 1265 tota.

434 1310 464 1342 6.
503 1309 653 1342 Praestet
677 1307 739 1340 hoc
762 1307 856 1340 nobis
883 1307 996 1339 deitas.

210 1395 273 1424 Pol.
296 1396 332 1424 32
352 1395 381 1423 b.
401 1396 457 1423 mit
475 1394 545 1423 lsi-21.
566 1409 605 1414 ——
623 1394 701 1422 Dan.
721 1394 745 1422 Ι.
767 1394 839 1429 218;
859 1393 950 1422 Mene
971 1393 1036 1421 311.
1057 1408 1096 1412 —
1117 1393 1142 1427 3,
1165 1393 1181 1421 3
1204 1393 1295 1420 ist-um
1315 1393 1371 1421 Hs.

764 1506 821 1546 77.

591 1602 729 1641 Hymnus
753 1601 794 1634 ad
811 1611 850 1635 no
855 1602 993 1634 eturnas.

136 1694 167 1726 1.
205 1692 291 1732 Tibi,
314 1692 451 1732 Christe,
478 1693 633 1733 splendor
648 1693 763 1733 patris,
831 1694 862 1727 3.
902 1692 969 1732 Quo
996 1693 1130 1725 custode
1153 1693 1269 1732 procul
1291 1693 1389 1733 pelle,

254 1740 337 1784 Vita,
364 1741 467 1773 virtus
494 1741 648 1784 cordium,
953 1749 1013 1772 rex
1038 1740 1169 1773 Christe
1192 1740 1348 1781 piissime,

207 1790 246 1822 In
272 1792 446 1829 conspeetu
465 1789 649 1831 angelorum
906 1789 1006 1822 Omne
1035 1787 1127 1821 nefas
1152 1789 1287 1830 inimici,

253 1838 346 1878 votis,
372 1845 450 1870 voce
473 1837 652 1878 psallimus,
949 1836 1087 1869 mundos
1113 1837 1213 1870 eorde
1238 1840 1270 1869 et
1295 1845 1432 1878 corpore

207 1886 415 1918 Alter-nantes
439 1885 664 1925 concrepando
901 1885 1060 1918 Paradiso
1084 1885 1189 1917 redde
1211 1887 1269 1918 tuo

249 1934 350 1966 melos
375 1934 485 1966 demus
511 1934 653 1968 vocibus.
951 1942 1010 1966 nos
1035 1933 1106 1966 sola
1132 1933 1311 1966 clementia.

136 2023 167 2055 2.
208 2020 440 2054 conlaudemus
465 2023 657 2054 venerantes
832 2023 865 2055 4.
906 2021 1051 2054 Gloriam
1075 2021 1164 2061 patri
1185 2020 1324 2054 melodis

255 2077 364 2101 omnes
391 2070 473 2102 coeli
495 2070 627 2110 militeS,
951 2078 1161 2110 personemus
1185 2069 1330 2110 vocibus,

208 2116 274 2149 Sed
297 2118 473 2158 praecipue
496 2118 668 2159 primatem
907 2118 1052 2151 Gloriam
1074 2118 1206 2152 Christo
1233 2126 1395 2158 canamus,

256 2166 403 2198 eoelestis
430 2166 600 2207 exercitus,
953 2167 1091 2206 gloriam
1114 2166 1286 2209 paraclito,

207 2213 413 2255 Michaelem,
438 2214 473 2247 in
496 2214 618 2248 virtute
907 2215 968 2255 Qui
991 2215 1081 2249 Deus
1106 2215 1211 2248 trinus
1237 2218 1271 2247 et
1294 2224 1376 2249 unus

255 2262 442 2303 alligantem
469 2264 629 2296 zabulum.
955 2266 1061 2297 exstat
1086 2265 1162 2297 ante
1187 2264 1324 2297 saecula..

214 2349 284 2377 Fol.
307 2349 342 2377 33
365 2357 391 2376 a.
411 2350 469 2377 mit
486 2348 558 2377 Mel.
580 2363 616 2368 —-
636 2349 717 2377 Dan.
740 2350 767 2381 Ι,
791 2349 864 2385 22ος
883 2349 974 2377 Mune
996 2349 1063 2378 307.
