1655 2624
638 58 874 93 „92-

92 158 146 192 14.
160 157 353 190 Homicidae
376 159 410 188 et
433 156 595 188 criminosi

206 205 293 238 intus
317 213 382 237 non
400 203 570 244 recipiunt,

160 252 226 286 Sed
249 253 344 285 chaos
369 261 519 293 magnum
543 252 628 284 inter
654 259 708 284 eos

206 300 239 333 in
265 301 383 333 atrocis
408 299 550 332 tenebris

166 349 258 382 Omni
283 349 363 380 hora
387 356 456 388 vae,
482 355 543 380 vae
568 348 710 379 clamant

212 399 246 428 et
269 395 400 428 mittunt
422 403 517 429 voces
541 395 704 437 lugubres.

95 484 151 516 15.
166 482 237 515 Nec
259 484 436 522 pavescant
459 480 554 514 firma
578 481 677 514 corda

209 538 300 570 quae,
329 538 399 561 cum
423 530 504 562 haec
528 529 678 571 audierit,

164 577 228 611 Sed
253 578 390 610 virtutes
415 577 590 619 imitentur,

206 634 288 667 quae
308 625 342 657 in
369 626 466 658 coelis
491 629 655 666 coronant,

159 673 206 707 Ut
231 672 371 706 evadant
391 682 511 713 poenas
537 673 624 706 diras

209 723 242 754 et
265 721 462 761 amplectent
481 729 609 762 supera.

784 155 840 188 16.
855 153 941 186 Nam
966 154 1007 186 de
1036 161 1141 193 poena
1165 152 1378 194 reproborum

857 253 943 289 Quos
968 258 1054 281 mors
1076 250 1219 282 secunda
1235 249 1424 291 gustaverit,

902 306 967 330 non
993 297 1054 329 erit
1077 297 1163 330 ultra
1188 297 1326 339 requies,

856 345 935 378 Cum
961 345 1083 378 Sathan
1108 354 1237 386 semper
1263 344 1428 377 ardebunt

898 394 934 426 in
958 396 1072 434 stagno
1095 393 1180 435 ignis
1198 396 1231 426 et
1247 392 1427 434 sulphuris.

786 480 843 515 17.
857 479 1118 520 Omnipotentem
1143 481 1354 520 deprecemur

906 529 1013 561 cuncti
1040 528 1258 568 devotissime,

854 576 901 610 Ut
927 584 947 609 a
970 585 1076 616 poena
1098 575 1252 609 infernali

902 625 1053 665 dignetur
1075 633 1133 657 nos
1160 624 1288 664 eripere

854 672 900 705 Et
924 672 966 705 ad
992 673 1111 714 gaudia
1135 681 1277 713 superna

905 721 992 753 sinat
1015 720 1233 755 introducere.

439 808 495 841 18.
512 807 656 840 Gloriam
683 806 810 841 Christo
836 815 996 849 canamus,

554 855 690 895 gloriam
714 855 885 895 paraclito,

508 903 582 936 Una
605 903 692 943 patri
716 901 847 942 filioque

558 951 655 982 simul
677 950 857 991 individuo,

512 998 608 1038 Cujus
634 998 736 1030 honor
762 1001 795 1030 et
816 999 961 1038 potestas

556 1049 670 1087 regnat
694 1048 769 1079 ante
790 1048 947 1087 tempora.

167 1140 231 1168 Pol.
255 1141 290 1168 76
313 1148 338 1168 a.
367 1140 422 1167 mit
445 1140 516 1168 Mol.
550 1139 699 1168 Zuschrift
724 1140 775 1169 des
806 1141 849 1169 10.
870 1139 978 1176 Jahrh3
1004 1140 1082 1168 nach
1102 1140 1270 1168 bethmann
1291 1139 1426 1168 dieselbe

89 1178 197 1212 Hand,
225 1178 273 1206 die
298 1176 375 1207 auch
403 1178 455 1206 das
478 1178 603 1206 Odolied
622 1179 830 1214 geschrieben,
859 1187 966 1207 wovon
992 1178 1041 1206 ich
1063 1178 1143 1207 mich
1164 1187 1214 1207 um
1234 1187 1267 1207 so
1288 1179 1425 1214 weniger

89 1217 275 1253 iiberzeugen
301 1216 427 1251 konnte,
454 1216 493 1245 als
520 1217 577 1244 mir
599 1218 698 1253 einige
717 1216 921 1253 Buchstaben,
948 1217 1131 1245 namentlich
1151 1217 1200 1245 <lie
1221 1216 1372 1245 minuskel
1392 1226 1419 1253 g,

93 1256 176 1283 einen
199 1255 327 1283 anderen
347 1255 410 1291 Zug
430 1264 466 1283 zu
486 1257 623 1283 verraten
643 1255 792 1283 schienen.
814 1272 852 1276 —
872 1257 903 1289 4,
928 1258 939 1285 1
965 1256 1131 1284 abscultate
1152 1256 1208 1283 Hs.
1232 1269 1268 1274 —-
1290 1257 1317 1291 7,
1337 1255 1354 1283 2
1377 1264 1424 1284 re-

90 1293 220 1321 clamant
245 1296 313 1322 ante
331 1293 494 1321 Dominum
515 1294 568 1321 Hs.
589 1309 629 1314 ——-
649 1295 665 1321 7
676 1315 682 1328 ,
712 1293 727 1321 3
749 1294 814 1322 fuso
836 1296 944 1330 sangui
964 1294 1020 1322 Hs.
1043 1310 1047 1314 ·

1102 1295 1132 1326 9,
1163 1295 1178 1322 5
1200 1302 1294 1330 genus
1315 1293 1423 1329 tribus,

88 1331 205 1368 linguae
231 1332 286 1359 Hs.
308 1346 346 1351 —
369 1332 411 1366 10,
435 1334 450 1359 5
471 1331 558 1360 fidem
580 1332 718 1360 deridunt
737 1333 791 1360 Hs.
811 1348 849 1352 —
874 1333 915 1367 12,
939 1334 954 1361 5
976 1341 1073 1369 neque
1094 1334 1183 1361 lunae
1205 1332 1260 1361 Hs.
1282 1347 1321 1352 —
1339 1332 1380 1367 12,
1405 1333 1423 1361 6

90 1378 145 1397 nef·-
165 1369 201 1397 (le
220 1369 283 1397 ulla
303 1370 401 1398 sidera
423 1371 478 1398 Hs.

561 1370 603 1404 13,
629 1371 646 1398 4
667 1371 783 1398 animas
804 1371 859 1399 Hs.
881 1386 919 1390 —
941 1373 966 1406 7,
987 1373 1006 1399 4
1027 1371 1130 1408 dignet
1149 1372 1205 1399 Hs.

712 1491 793 1532 129.

573 1595 691 1628 Versus
713 1596 938 1638 anepigraphi.

256 1696 285 1729 1.
325 1695 446 1728 Indicis
471 1704 490 1727 a
512 1705 633 1729 summo
660 1696 789 1737 capiens
815 1698 949 1730 exordia
972 1699 1096 1738 primus

328 1744 367 1776 In
390 1744 514 1776 minimi
537 1743 624 1777 flexu
647 1746 812 1785 postrema
836 1747 974 1787 reponit,

327 1791 395 1831 Qua
420 1793 498 1825 sede
521 1793 622 1824 instat
644 1793 840 1833 principium
864 1792 1001 1836 finisque
1025 1795 1167 1828 secundi.

327 1839 456 1872 Tertius
482 1849 501 1872 a
525 1849 647 1873 summo
672 1850 799 1874 rursum
826 1842 913 1883 capit
936 1843 1054 1875 indicis
1080 1846 1185 1876 ortum

256 1890 287 1920 §5¹

326 1888 364 1920 In
390 1896 512 1920 summo
538 1888 602 1921 fine
628 1888 827 1930 distinguens
853 1890 1054 1932 auriculariS,

327 1935 396 1974 Qua
420 1937 497 1969 sede
519 1937 621 1969 instat
643 1937 840 1978 principium
864 1936 938 1971 finis
965 1948 1090 1980 quoque
1115 1940 1233 1979 quarti.

326 1983 448 2015 Indicis
472 1984 506 2016 in
530 1985 636 2017 medio
663 1986 793 2025 quintus
818 1986 916 2018 sumit
941 1989 974 2019 et
998 1988 1088 2027 capit
1111 1991 1218 2021 ortum

325 2030 371 2062 Et
394 2032 493 2063 medii
517 2031 615 2064 finem
638 2034 865 2066 modulaminis
891 2037 983 2075 aptat
1008 2036 1041 2068 in
1065 2044 1180 2077 ungue,

327 2077 396 2117 Qua
420 2080 498 2111 sede
521 2080 623 2112 instat
646 2081 842 2121 principium
864 2081 937 2114 finis
963 2091 1089 2123 quoque
1111 2085 1204 2116 sexti.

236 2126 290 2159 10.
327 2125 448 2159 Indicis
475 2126 550 2159 hinc
574 2128 670 2160 radix
694 2129 819 2170 septeni
846 2131 989 2163 continet
1014 2134 1119 2163 ortum

326 2173 371 2206 Et
397 2175 495 2208 medii
514 2174 611 2207 finem
637 2176 863 2210 modulaminis
888 2180 981 2218 aptat
1003 2178 1039 2211 in
1063 2188 1179 2221 ungue,

326 2222 396 2261 Qua
419 2224 498 2256 sede
521 2224 624 2256 instat
647 2224 843 2265 principium
866 2223 1005 2267 finisque
1029 2228 1148 2261 octavi.

165 2316 229 2345 Fol.
252 2317 287 2346 80
315 2326 342 2346 a.
365 2333 403 2338 —
423 2318 573 2347 Zuschrift
600 2319 651 2348 des
675 2321 717 2348 Η).
738 2319 842 2348 Jahrh.
864 2319 941 2350 ohne
960 2321 1136 2351 Aufsohrist.
1159 2340 1199 2344 -
1225 2324 1263 2354 V.
1285 2323 1300 2353 1
1324 2326 1385 2355 und
1407 2329 1426 2356 4

90 2363 208 2383 assumo
229 2355 283 2384 Hs.
305 2372 342 2377 -
363 2357 399 2386 V.
421 2358 437 2384 2
458 2357 532 2386 fehlt
551 2359 600 2386 ein
621 2358 701 2386 F'uss.
