<?xml version="1.0" encoding="UTF-8"?>
<!DOCTYPE html PUBLIC "-//W3C//DTD XHTML 1.0 Transitional//EN"
    "http://www.w3.org/TR/xhtml1/DTD/xhtml1-transitional.dtd">
<html xmlns="http://www.w3.org/1999/xhtml" xml:lang="en" lang="en">
 <head>
  <title>
</title>
<meta http-equiv="Content-Type" content="text/html;charset=utf-8" />
  <meta name='ocr-system' content='tesseract 3.04.00' />
  <meta name='ocr-capabilities' content='ocr_page ocr_carea ocr_par ocr_line ocrx_word'/>
</head>
<body>
  <div class='ocr_page' id='page_1' title='image "./analectahymnica02drevuoft_00160.png"; bbox 0 0 1655 2624; ppageno 0'>
   <div class='ocr_carea' id='block_1_1' title="bbox 686 63 949 100">
    <p class='ocr_par' dir='ltr' id='par_1_1' title="bbox 686 63 949 100">
     <span class='ocr_line' id='line_1_1' title="bbox 686 63 949 100; baseline -0.004 0"><span class='ocrx_word' id='word_1_1' title='bbox 686 63 949 100; x_wconf 84' lang='lat'>-157—</span> 
     </span>
    </p>
   </div>
   <div class='ocr_carea' id='block_1_2' title="bbox 146 160 788 551">
    <p class='ocr_par' dir='ltr' id='par_1_2' title="bbox 146 160 788 340">
     <span class='ocr_line' id='line_1_2' title="bbox 146 160 738 203; baseline -0.003 -8"><span class='ocrx_word' id='word_1_2' title='bbox 146 162 179 195; x_wconf 84' lang='lat'>3.</span> <span class='ocrx_word' id='word_1_3' title='bbox 221 160 459 202; x_wconf 87' lang='lat' dir='ltr'>Concrepemus</span> <span class='ocrx_word' id='word_1_4' title='bbox 486 169 562 203; x_wconf 84' lang='lat' dir='ltr'>ergo</span> <span class='ocrx_word' id='word_1_5' title='bbox 590 161 738 203; x_wconf 81' lang='lat' dir='ltr'>dulciter,</span> 
     </span>
     <span class='ocr_line' id='line_1_3' title="bbox 219 209 788 251; baseline -0.002 -8"><span class='ocrx_word' id='word_1_6' title='bbox 219 209 309 249; x_wconf 73' lang='lat' dir='ltr'>Quae</span> <span class='ocrx_word' id='word_1_7' title='bbox 333 218 392 242; x_wconf 90' lang='lat' dir='ltr'>nos</span> <span class='ocrx_word' id='word_1_8' title='bbox 412 209 507 249; x_wconf 86' lang='lat' dir='ltr'>juvat</span> <span class='ocrx_word' id='word_1_9' title='bbox 521 211 788 251; x_wconf 83' lang='lat' dir='ltr'>misericorditer,</span> 
     </span>
     <span class='ocr_line' id='line_1_4' title="bbox 218 257 551 298; baseline -0.003 -7"><span class='ocrx_word' id='word_1_10' title='bbox 218 257 280 291; x_wconf 87' lang='lat' dir='ltr'>Pia</span> <span class='ocrx_word' id='word_1_11' title='bbox 303 257 396 298; x_wconf 76' lang='lat' dir='ltr'>virgo</span> <span class='ocrx_word' id='word_1_12' title='bbox 428 257 551 291; x_wconf 79' lang='lat' dir='ltr'>Christi</span> 
     </span>
     <span class='ocr_line' id='line_1_5' title="bbox 221 305 554 340; baseline 0.003 -2"><span class='ocrx_word' id='word_1_13' title='bbox 221 305 372 338; x_wconf 84' lang='lat' dir='ltr'>Genitrix</span> <span class='ocrx_word' id='word_1_14' title='bbox 397 305 458 339; x_wconf 90' lang='lat' dir='ltr'>filii</span> <span class='ocrx_word' id='word_1_15' title='bbox 482 305 554 340; x_wconf 90' lang='lat' dir='ltr'>Dei.</span> 
     </span>
    </p>

    <p class='ocr_par' dir='ltr' id='par_1_3' title="bbox 148 372 788 510">
     <span class='ocr_line' id='line_1_6' title="bbox 148 372 771 408; baseline -0.005 0"><span class='ocrx_word' id='word_1_16' title='bbox 148 376 182 408; x_wconf 82' lang='lat'>4.</span> <span class='ocrx_word' id='word_1_17' title='bbox 223 372 379 406; x_wconf 86' lang='lat' dir='ltr'>Omnibus</span> <span class='ocrx_word' id='word_1_18' title='bbox 404 373 498 406; x_wconf 88' lang='lat' dir='ltr'>nobis</span> <span class='ocrx_word' id='word_1_19' title='bbox 524 382 583 406; x_wconf 87' lang='lat' dir='ltr'>ora</span> <span class='ocrx_word' id='word_1_20' title='bbox 608 373 771 406; x_wconf 78' lang='lat' dir='ltr'>(lominum</span> 
     </span>
     <span class='ocr_line' id='line_1_7' title="bbox 220 419 788 463; baseline -0.005 -8"><span class='ocrx_word' id='word_1_21' title='bbox 220 421 331 455; x_wconf 78' lang='lat' dir='ltr'>Jesum</span> <span class='ocrx_word' id='word_1_22' title='bbox 358 421 533 463; x_wconf 80' lang='lat' dir='ltr'>Christum,</span> <span class='ocrx_word' id='word_1_23' title='bbox 560 419 662 454; x_wconf 88' lang='lat' dir='ltr'>filium</span> <span class='ocrx_word' id='word_1_24' title='bbox 687 424 788 462; x_wconf 85' lang='lat' dir='ltr'>tuum,</span> 
     </span>
     <span class='ocr_line' id='line_1_8' title="bbox 222 469 594 510; baseline -0.005 -7"><span class='ocrx_word' id='word_1_25' title='bbox 222 469 270 503; x_wconf 88' lang='lat' dir='ltr'>Ut</span> <span class='ocrx_word' id='word_1_26' title='bbox 297 469 390 503; x_wconf 87' lang='lat' dir='ltr'>nobis</span> <span class='ocrx_word' id='word_1_27' title='bbox 415 469 594 510; x_wconf 82' lang='lat' dir='ltr'>indulgeat,</span> 
     </span>
    </p>

    <p class='ocr_par' dir='ltr' id='par_1_4' title="bbox 224 517 675 551">
     <span class='ocr_line' id='line_1_9' title="bbox 224 517 675 551; baseline -0.002 0"><span class='ocrx_word' id='word_1_28' title='bbox 224 517 354 551; x_wconf 79' lang='lat' dir='ltr'>Crimen</span> <span class='ocrx_word' id='word_1_29' title='bbox 382 520 530 550; x_wconf 85' lang='lat' dir='ltr'>nostrum</span> <span class='ocrx_word' id='word_1_30' title='bbox 556 517 675 550; x_wconf 80' lang='lat' dir='ltr'>deleat.</span> 
     </span>
    </p>
   </div>
   <div class='ocr_carea' id='block_1_3' title="bbox 850 161 1491 348">
    <p class='ocr_par' dir='ltr' id='par_1_5' title="bbox 850 161 1491 348">
     <span class='ocr_line' id='line_1_10' title="bbox 850 161 1491 203; baseline 0 -8"><span class='ocrx_word' id='word_1_31' title='bbox 850 164 880 196; x_wconf 88' lang='lat'>5.</span> <span class='ocrx_word' id='word_1_32' title='bbox 919 161 1043 194; x_wconf 90' lang='lat' dir='ltr'>Bonum</span> <span class='ocrx_word' id='word_1_33' title='bbox 1050 161 1147 195; x_wconf 90' lang='lat' dir='ltr'>finem</span> <span class='ocrx_word' id='word_1_34' title='bbox 1154 161 1491 203; x_wconf 69' lang='lat' dir='ltr'>digneturpraestare.</span> 
     </span>
     <span class='ocr_line' id='line_1_11' title="bbox 920 208 1389 254; baseline -0.002 -11"><span class='ocrx_word' id='word_1_35' title='bbox 920 211 960 243; x_wconf 91' lang='lat' dir='ltr'>In</span> <span class='ocrx_word' id='word_1_36' title='bbox 986 208 1094 242; x_wconf 84' lang='lat' dir='ltr'>futuro</span> <span class='ocrx_word' id='word_1_37' title='bbox 1116 219 1173 243; x_wconf 91' lang='lat' dir='ltr'>nos</span> <span class='ocrx_word' id='word_1_38' title='bbox 1199 211 1389 254; x_wconf 67' lang='lat' dir='ltr'>praemiare,</span> 
     </span>
     <span class='ocr_line' id='line_1_12' title="bbox 921 257 1296 302; baseline 0 -12"><span class='ocrx_word' id='word_1_39' title='bbox 921 257 1051 290; x_wconf 87' lang='lat' dir='ltr'>Ducens</span> <span class='ocrx_word' id='word_1_40' title='bbox 1077 258 1121 290; x_wconf 80' lang='lat' dir='ltr'>ad</span> <span class='ocrx_word' id='word_1_41' title='bbox 1145 259 1296 302; x_wconf 83' lang='lat' dir='ltr'>patriam,</span> 
     </span>
     <span class='ocr_line' id='line_1_13' title="bbox 921 306 1276 348; baseline 0 -10"><span class='ocrx_word' id='word_1_42' title='bbox 921 306 1119 348; x_wconf 84' lang='lat' dir='ltr'>Angelorum</span> <span class='ocrx_word' id='word_1_43' title='bbox 1146 307 1276 339; x_wconf 87' lang='lat' dir='ltr'>curiam.</span> 
     </span>
    </p>
   </div>
   <div class='ocr_carea' id='block_1_4' title="bbox 851 373 1363 557">
    <p class='ocr_par' dir='ltr' id='par_1_6' title="bbox 851 373 1363 512">
     <span class='ocr_line' id='line_1_14' title="bbox 851 373 1363 413; baseline -0.004 -6"><span class='ocrx_word' id='word_1_44' title='bbox 851 374 882 407; x_wconf 85' lang='lat'>6.</span> <span class='ocrx_word' id='word_1_45' title='bbox 922 373 988 406; x_wconf 94' lang='lat' dir='ltr'>Ubi</span> <span class='ocrx_word' id='word_1_46' title='bbox 1013 373 1211 413; x_wconf 84' lang='lat' dir='ltr'>sempiterna</span> <span class='ocrx_word' id='word_1_47' title='bbox 1235 374 1363 407; x_wconf 82' lang='lat' dir='ltr'>laetitia</span> 
     </span>
     <span class='ocr_line' id='line_1_15' title="bbox 921 420 1335 463; baseline -0.002 -9"><span class='ocrx_word' id='word_1_48' title='bbox 921 421 1055 461; x_wconf 85' lang='lat' dir='ltr'>Absque</span> <span class='ocrx_word' id='word_1_49' title='bbox 1080 422 1165 453; x_wconf 89' lang='lat' dir='ltr'>omni</span> <span class='ocrx_word' id='word_1_50' title='bbox 1190 420 1335 463; x_wconf 81' lang='lat' dir='ltr'>tristitia,</span> 
     </span>
     <span class='ocr_line' id='line_1_16' title="bbox 921 469 1226 512; baseline -0.007 -10"><span class='ocrx_word' id='word_1_51' title='bbox 921 469 973 502; x_wconf 89' lang='lat' dir='ltr'>Ibi</span> <span class='ocrx_word' id='word_1_52' title='bbox 997 478 1056 501; x_wconf 90' lang='lat' dir='ltr'>nos</span> <span class='ocrx_word' id='word_1_53' title='bbox 1083 469 1226 512; x_wconf 83' lang='lat' dir='ltr'>collocet,</span> 
     </span>
    </p>

    <p class='ocr_par' dir='ltr' id='par_1_7' title="bbox 923 516 1227 557">
     <span class='ocr_line' id='line_1_17' title="bbox 923 516 1227 557; baseline 0.003 -7"><span class='ocrx_word' id='word_1_54' title='bbox 923 516 990 550; x_wconf 88' lang='lat' dir='ltr'>Ubi</span> <span class='ocrx_word' id='word_1_55' title='bbox 1011 517 1084 557; x_wconf 82' lang='lat' dir='ltr'>ipse</span> <span class='ocrx_word' id='word_1_56' title='bbox 1108 520 1227 551; x_wconf 77' lang='lat' dir='ltr'>manet.</span> 
     </span>
    </p>
   </div>
   <div class='ocr_carea' id='block_1_5' title="bbox 501 584 1068 674">
    <p class='ocr_par' dir='ltr' id='par_1_8' title="bbox 501 584 1068 674">
     <span class='ocr_line' id='line_1_18' title="bbox 501 584 1068 626; baseline -0.004 -7"><span class='ocrx_word' id='word_1_57' title='bbox 501 587 532 619; x_wconf 83' lang='lat'>7.</span> <span class='ocrx_word' id='word_1_58' title='bbox 573 584 624 617; x_wconf 82' lang='lat' dir='ltr'>Sit</span> <span class='ocrx_word' id='word_1_59' title='bbox 646 586 716 618; x_wconf 88' lang='lat' dir='ltr'>laus</span> <span class='ocrx_word' id='word_1_60' title='bbox 740 585 881 617; x_wconf 82' lang='lat' dir='ltr'>trinitati</span> <span class='ocrx_word' id='word_1_61' title='bbox 907 587 1068 626; x_wconf 81' lang='lat' dir='ltr'>aeternae,</span> 
     </span>
     <span class='ocr_line' id='line_1_19' title="bbox 574 632 1052 674; baseline -0.002 -8"><span class='ocrx_word' id='word_1_62' title='bbox 574 632 744 666; x_wconf 85' lang='lat' dir='ltr'>Gloriosae</span> <span class='ocrx_word' id='word_1_63' title='bbox 769 633 888 674; x_wconf 87' lang='lat' dir='ltr'>virgini</span> <span class='ocrx_word' id='word_1_64' title='bbox 913 633 1052 674; x_wconf 83' lang='lat' dir='ltr'>Mariae,</span> 
     </span>
    </p>
   </div>
   <div class='ocr_carea' id='block_1_6' title="bbox 571 681 1067 763">
    <p class='ocr_par' dir='ltr' id='par_1_9' title="bbox 571 681 1067 763">
     <span class='ocr_line' id='line_1_20' title="bbox 571 681 895 721; baseline -0.006 -7"><span class='ocrx_word' id='word_1_65' title='bbox 571 681 701 714; x_wconf 88' lang='lat' dir='ltr'>Cunctis</span> <span class='ocrx_word' id='word_1_66' title='bbox 728 681 895 721; x_wconf 74' lang='lat' dir='ltr'>apostolis,</span> 
     </span>
     <span class='ocr_line' id='line_1_21' title="bbox 574 729 1067 763; baseline -0.002 0"><span class='ocrx_word' id='word_1_67' title='bbox 574 729 728 763; x_wconf 83' lang='lat' dir='ltr'>Omnibus</span> <span class='ocrx_word' id='word_1_68' title='bbox 755 730 916 761; x_wconf 84' lang='lat' dir='ltr'>coelorum</span> <span class='ocrx_word' id='word_1_69' title='bbox 944 729 1067 762; x_wconf 86' lang='lat' dir='ltr'>turmiS.</span> 
     </span>
    </p>
   </div>
   <div class='ocr_carea' id='block_1_7' title="bbox 230 806 759 837">
    <p class='ocr_par' dir='ltr' id='par_1_10' title="bbox 230 806 759 837">
     <span class='ocr_line' id='line_1_22' title="bbox 230 806 759 837; baseline -0.008 0"><span class='ocrx_word' id='word_1_70' title='bbox 230 808 280 837; x_wconf 87' lang='lat' dir='ltr'>W.</span> <span class='ocrx_word' id='word_1_71' title='bbox 301 823 339 829; x_wconf 88' lang='lat'>——</span> <span class='ocrx_word' id='word_1_72' title='bbox 363 807 574 837; x_wconf 75' lang='lat' dir='ltr'>Velwildertes</span> <span class='ocrx_word' id='word_1_73' title='bbox 594 806 759 834; x_wconf 83' lang='lat' dir='ltr'>Versmass.</span> 
     </span>
    </p>
   </div>
   <div class='ocr_carea' id='block_1_8' title="bbox 657 920 992 1047">
    <p class='ocr_par' dir='ltr' id='par_1_11' title="bbox 657 920 992 1047">
     <span class='ocr_line' id='line_1_23' title="bbox 795 920 852 960; baseline -0.053 0"><span class='ocrx_word' id='word_1_74' title='bbox 795 920 852 960; x_wconf 80' lang='lat'>17.</span> 
     </span>
     <span class='ocr_line' id='line_1_24' title="bbox 657 1005 992 1047; baseline -0.009 -8"><span class='ocrx_word' id='word_1_75' title='bbox 657 1006 701 1039; x_wconf 86' lang='lat' dir='ltr'>De</span> <span class='ocrx_word' id='word_1_76' title='bbox 722 1007 836 1039; x_wconf 85' lang='lat' dir='ltr'>Sancto</span> <span class='ocrx_word' id='word_1_77' title='bbox 859 1005 992 1047; x_wconf 79' lang='lat' dir='ltr'>Spiritu.</span> 
     </span>
    </p>
   </div>
   <div class='ocr_carea' id='block_1_9' title="bbox 926 1083 1364 1167">
    <p class='ocr_par' dir='ltr' id='par_1_12' title="bbox 926 1083 1364 1167">
     <span class='ocr_line' id='line_1_25' title="bbox 926 1083 1364 1126; baseline -0.009 -7"><span class='ocrx_word' id='word_1_78' title='bbox 926 1087 1018 1119; x_wconf 85' lang='lat' dir='ltr'>Haec</span> <span class='ocrx_word' id='word_1_79' title='bbox 1042 1086 1178 1126; x_wconf 85' lang='lat' dir='ltr'>paterno</span> <span class='ocrx_word' id='word_1_80' title='bbox 1205 1083 1364 1117; x_wconf 80' lang='lat' dir='ltr'>solamine</span> 
     </span>
     <span class='ocr_line' id='line_1_26' title="bbox 927 1131 1339 1167; baseline -0.002 0"><span class='ocrx_word' id='word_1_81' title='bbox 927 1134 1058 1167; x_wconf 78' lang='lat' dir='ltr'>Solatur</span> <span class='ocrx_word' id='word_1_82' title='bbox 1082 1142 1175 1166; x_wconf 83' lang='lat' dir='ltr'>sacro</span> <span class='ocrx_word' id='word_1_83' title='bbox 1200 1131 1339 1166; x_wconf 88' lang='lat' dir='ltr'>fiamine.</span> 
     </span>
    </p>
   </div>
   <div class='ocr_carea' id='block_1_10' title="bbox 153 1087 887 1179">
    <p class='ocr_par' dir='ltr' id='par_1_13' title="bbox 153 1087 887 1179">
     <span class='ocr_line' id='line_1_27' title="bbox 153 1087 887 1131; baseline -0.004 -8"><span class='ocrx_word' id='word_1_84' title='bbox 153 1090 185 1123; x_wconf 87' lang='lat'>1.</span> <span class='ocrx_word' id='word_1_85' title='bbox 224 1089 353 1123; x_wconf 89' lang='lat' dir='ltr'>Donum</span> <span class='ocrx_word' id='word_1_86' title='bbox 377 1088 481 1131; x_wconf 77' lang='lat' dir='ltr'>patris</span> <span class='ocrx_word' id='word_1_87' title='bbox 508 1091 540 1120; x_wconf 84' lang='lat' dir='ltr'>et</span> <span class='ocrx_word' id='word_1_88' title='bbox 565 1087 634 1128; x_wconf 90' lang='lat' dir='ltr'>filii,</span> <span class='ocrx_word' id='word_1_89' title='bbox 855 1088 887 1120; x_wconf 79' lang='lat'>4.</span> 
     </span>
     <span class='ocr_line' id='line_1_28' title="bbox 227 1136 636 1179; baseline -0.007 -8"><span class='ocrx_word' id='word_1_90' title='bbox 227 1138 379 1179; x_wconf 85' lang='lat' dir='ltr'>Spiritus,</span> <span class='ocrx_word' id='word_1_91' title='bbox 408 1137 474 1170; x_wconf 85' lang='lat' dir='ltr'>dux</span> <span class='ocrx_word' id='word_1_92' title='bbox 501 1136 636 1177; x_wconf 85' lang='lat' dir='ltr'>consilii,</span> 
     </span>
    </p>
   </div>
   <div class='ocr_carea' id='block_1_11' title="bbox 927 1199 1383 1291">
    <p class='ocr_par' dir='ltr' id='par_1_14' title="bbox 927 1199 1383 1291">
     <span class='ocr_line' id='line_1_29' title="bbox 929 1199 1306 1241; baseline -0.008 -7"><span class='ocrx_word' id='word_1_93' title='bbox 929 1202 1024 1234; x_wconf 79' lang='lat' dir='ltr'>Foris</span> <span class='ocrx_word' id='word_1_94' title='bbox 1050 1204 1147 1241; x_wconf 73' lang='lat' dir='ltr'>atque</span> <span class='ocrx_word' id='word_1_95' title='bbox 1170 1199 1306 1233; x_wconf 85' lang='lat' dir='ltr'>interius</span> 
     </span>
     <span class='ocr_line' id='line_1_30' title="bbox 927 1247 1383 1291; baseline -0.009 -8"><span class='ocrx_word' id='word_1_96' title='bbox 927 1250 1052 1291; x_wconf 81' lang='lat' dir='ltr'>Expiat</span> <span class='ocrx_word' id='word_1_97' title='bbox 1071 1251 1217 1282; x_wconf 89' lang='lat' dir='ltr'>nostrum</span> <span class='ocrx_word' id='word_1_98' title='bbox 1243 1247 1383 1281; x_wconf 78' lang='lat' dir='ltr'>facinus,</span> 
     </span>
    </p>
   </div>
   <div class='ocr_carea' id='block_1_12' title="bbox 155 1205 888 1295">
    <p class='ocr_par' dir='ltr' id='par_1_15' title="bbox 155 1205 888 1295">
     <span class='ocr_line' id='line_1_31' title="bbox 155 1205 888 1247; baseline -0.005 -8"><span class='ocrx_word' id='word_1_99' title='bbox 155 1207 188 1241; x_wconf 85' lang='lat'>2.</span> <span class='ocrx_word' id='word_1_100' title='bbox 226 1205 406 1247; x_wconf 79' lang='lat' dir='ltr'>Discipulis</span> <span class='ocrx_word' id='word_1_101' title='bbox 431 1205 593 1246; x_wconf 75' lang='lat' dir='ltr'>apparuit,</span> <span class='ocrx_word' id='word_1_102' title='bbox 857 1205 888 1236; x_wconf 83' lang='lat'>5.</span> 
     </span>
     <span class='ocr_line' id='line_1_32' title="bbox 226 1252 622 1295; baseline 0 -9"><span class='ocrx_word' id='word_1_103' title='bbox 226 1253 340 1295; x_wconf 86' lang='lat' dir='ltr'>Lignis</span> <span class='ocrx_word' id='word_1_104' title='bbox 365 1254 468 1295; x_wconf 86' lang='lat' dir='ltr'>igneis</span> <span class='ocrx_word' id='word_1_105' title='bbox 495 1252 622 1286; x_wconf 85' lang='lat' dir='ltr'>claruit.</span> 
     </span>
    </p>
   </div>
   <div class='ocr_carea' id='block_1_13' title="bbox 928 1315 1376 1398">
    <p class='ocr_par' dir='ltr' id='par_1_16' title="bbox 928 1315 1376 1398">
     <span class='ocr_line' id='line_1_33' title="bbox 928 1315 1376 1360; baseline -0.009 -10"><span class='ocrx_word' id='word_1_106' title='bbox 928 1318 1017 1360; x_wconf 88' lang='lat' dir='ltr'>Ergo</span> <span class='ocrx_word' id='word_1_107' title='bbox 1043 1326 1101 1350; x_wconf 85' lang='lat' dir='ltr'>nos</span> <span class='ocrx_word' id='word_1_108' title='bbox 1132 1325 1203 1348; x_wconf 89' lang='lat' dir='ltr'>eum</span> <span class='ocrx_word' id='word_1_109' title='bbox 1227 1315 1376 1355; x_wconf 80' lang='lat' dir='ltr'>tripudio</span> 
     </span>
     <span class='ocr_line' id='line_1_34' title="bbox 928 1363 1336 1398; baseline -0.002 0"><span class='ocrx_word' id='word_1_110' title='bbox 928 1365 1163 1398; x_wconf 87' lang='lat' dir='ltr'>Benedicamus</span> <span class='ocrx_word' id='word_1_111' title='bbox 1187 1363 1336 1397; x_wconf 82' lang='lat' dir='ltr'>Domino.</span> 
     </span>
    </p>
   </div>
   <div class='ocr_carea' id='block_1_14' title="bbox 156 1319 889 1403">
    <p class='ocr_par' dir='ltr' id='par_1_17' title="bbox 156 1319 889 1403">
     <span class='ocr_line' id='line_1_35' title="bbox 156 1319 889 1356; baseline -0.005 0"><span class='ocrx_word' id='word_1_112' title='bbox 156 1323 188 1356; x_wconf 89' lang='lat'>3.</span> <span class='ocrx_word' id='word_1_113' title='bbox 229 1320 337 1355; x_wconf 76' lang='lat' dir='ltr'>Corda</span> <span class='ocrx_word' id='word_1_114' title='bbox 361 1320 441 1354; x_wconf 83' lang='lat' dir='ltr'>fecit</span> <span class='ocrx_word' id='word_1_115' title='bbox 463 1320 663 1353; x_wconf 81' lang='lat' dir='ltr'>flammantia</span> <span class='ocrx_word' id='word_1_116' title='bbox 858 1319 889 1352; x_wconf 93' lang='lat'>6.</span> 
     </span>
     <span class='ocr_line' id='line_1_36' title="bbox 227 1369 606 1403; baseline -0.005 0"><span class='ocrx_word' id='word_1_117' title='bbox 227 1369 426 1403; x_wconf 81' lang='lat' dir='ltr'>Paraclitum</span> <span class='ocrx_word' id='word_1_118' title='bbox 454 1369 606 1402; x_wconf 76' lang='lat' dir='ltr'>amantia.</span> 
     </span>
    </p>
   </div>
   <div class='ocr_carea' id='block_1_15' title="bbox 235 1444 434 1474">
    <p class='ocr_par' dir='ltr' id='par_1_18' title="bbox 235 1444 434 1474">
     <span class='ocr_line' id='line_1_37' title="bbox 235 1444 434 1474; baseline -0.01 0"><span class='ocrx_word' id='word_1_119' title='bbox 235 1446 284 1474; x_wconf 89' lang='lat' dir='ltr'>W.</span> <span class='ocrx_word' id='word_1_120' title='bbox 305 1460 344 1466; x_wconf 91' lang='lat'>—-</span> <span class='ocrx_word' id='word_1_121' title='bbox 365 1444 434 1474; x_wconf 77' lang='lat' dir='ltr'>Ruf.</span> 
     </span>
    </p>
   </div>
   <div class='ocr_carea' id='block_1_16' title="bbox 674 1528 972 1647">
    <p class='ocr_par' dir='ltr' id='par_1_19' title="bbox 674 1528 972 1647">
     <span class='ocr_line' id='line_1_38' title="bbox 799 1528 854 1568; baseline -0.055 1"><span class='ocrx_word' id='word_1_122' title='bbox 799 1528 854 1568; x_wconf 88' lang='grc'>18.</span> 
     </span>
     <span class='ocr_line' id='line_1_39' title="bbox 674 1612 972 1647; baseline -0.013 0"><span class='ocrx_word' id='word_1_123' title='bbox 674 1615 718 1647; x_wconf 85' lang='lat' dir='ltr'>De</span> <span class='ocrx_word' id='word_1_124' title='bbox 739 1615 769 1647; x_wconf 89' lang='lat' dir='ltr'>S.</span> <span class='ocrx_word' id='word_1_125' title='bbox 791 1612 972 1646; x_wconf 72' lang='lat' dir='ltr'>Elisabeth.</span> 
     </span>
    </p>
   </div>
   <div class='ocr_carea' id='block_1_17' title="bbox 859 1691 1283 1781">
    <p class='ocr_par' dir='ltr' id='par_1_20' title="bbox 859 1691 1283 1781">
     <span class='ocr_line' id='line_1_40' title="bbox 859 1691 1283 1733; baseline -0.017 -4"><span class='ocrx_word' id='word_1_126' title='bbox 859 1697 891 1729; x_wconf 83' lang='lat'>2.</span> <span class='ocrx_word' id='word_1_127' title='bbox 932 1694 997 1727; x_wconf 89' lang='lat' dir='ltr'>Sub</span> <span class='ocrx_word' id='word_1_128' title='bbox 1024 1696 1114 1725; x_wconf 89' lang='lat' dir='ltr'>veste</span> <span class='ocrx_word' id='word_1_129' title='bbox 1138 1691 1283 1733; x_wconf 84' lang='lat' dir='ltr'>pretiosa</span> 
     </span>
     <span class='ocr_line' id='line_1_41' title="bbox 931 1739 1260 1781; baseline -0.012 -6"><span class='ocrx_word' id='word_1_130' title='bbox 931 1742 1085 1775; x_wconf 80' lang='lat' dir='ltr'>Matrona</span> <span class='ocrx_word' id='word_1_131' title='bbox 1112 1739 1260 1781; x_wconf 87' lang='lat' dir='ltr'>speciosa</span> 
     </span>
    </p>
   </div>
   <div class='ocr_carea' id='block_1_18' title="bbox 157 1699 1233 1879">
    <p class='ocr_par' dir='ltr' id='par_1_21' title="bbox 157 1699 1233 1879">
     <span class='ocr_line' id='line_1_42' title="bbox 157 1699 543 1735; baseline -0.008 -1"><span class='ocrx_word' id='word_1_132' title='bbox 157 1701 188 1735; x_wconf 89' lang='lat'>1.</span> <span class='ocrx_word' id='word_1_133' title='bbox 228 1699 401 1734; x_wconf 84' lang='lat' dir='ltr'>Elisabeth</span> <span class='ocrx_word' id='word_1_134' title='bbox 426 1699 543 1732; x_wconf 84' lang='lat' dir='ltr'>beatae</span> 
     </span>
     <span class='ocr_line' id='line_1_43' title="bbox 227 1748 546 1783; baseline -0.013 0"><span class='ocrx_word' id='word_1_135' title='bbox 227 1749 325 1783; x_wconf 81' lang='lat' dir='ltr'>Vocis</span> <span class='ocrx_word' id='word_1_136' title='bbox 351 1748 546 1782; x_wconf 85' lang='lat' dir='ltr'>amoenitate</span> 
     </span>
     <span class='ocr_line' id='line_1_44' title="bbox 979 1788 1227 1828; baseline -0.012 -5"><span class='ocrx_word' id='word_1_137' title='bbox 979 1791 1069 1823; x_wconf 85' lang='lat' dir='ltr'>Tulit,</span> <span class='ocrx_word' id='word_1_138' title='bbox 1094 1788 1227 1828; x_wconf 83' lang='lat' dir='ltr'>cibaria,</span> 
     </span>
     <span class='ocr_line' id='line_1_45' title="bbox 931 1836 1233 1879; baseline -0.017 -7"><span class='ocrx_word' id='word_1_139' title='bbox 931 1839 977 1872; x_wconf 88' lang='lat' dir='ltr'>Es</span> <span class='ocrx_word' id='word_1_140' title='bbox 1002 1838 1080 1872; x_wconf 88' lang='lat' dir='ltr'>fidei</span> <span class='ocrx_word' id='word_1_141' title='bbox 1105 1836 1233 1879; x_wconf 85' lang='lat' dir='ltr'>zelatix‚</span> 
     </span>
    </p>
   </div>
   <div class='ocr_carea' id='block_1_19' title="bbox 227 1795 1348 1976">
    <p class='ocr_par' dir='ltr' id='par_1_22' title="bbox 227 1795 1348 1929">
     <span class='ocr_line' id='line_1_46' title="bbox 274 1795 645 1836; baseline -0.011 -6"><span class='ocrx_word' id='word_1_142' title='bbox 274 1797 409 1830; x_wconf 82' lang='lat' dir='ltr'>Festum</span> <span class='ocrx_word' id='word_1_143' title='bbox 434 1795 645 1836; x_wconf 83' lang='lat' dir='ltr'>celebremus,</span> 
     </span>
     <span class='ocr_line' id='line_1_47' title="bbox 227 1846 588 1887; baseline -0.008 -8"><span class='ocrx_word' id='word_1_144' title='bbox 227 1847 258 1879; x_wconf 91' lang='lat' dir='ltr'>A</span> <span class='ocrx_word' id='word_1_145' title='bbox 283 1846 452 1887; x_wconf 85' lang='lat' dir='ltr'>primaeva</span> <span class='ocrx_word' id='word_1_146' title='bbox 480 1846 588 1877; x_wconf 85' lang='lat' dir='ltr'>aetate</span> 
     </span>
     <span class='ocr_line' id='line_1_48' title="bbox 228 1882 1348 1929; baseline -0.013 -1"><span class='ocrx_word' id='word_1_147' title='bbox 228 1895 359 1929; x_wconf 79' lang='lat' dir='ltr'>Morum</span> <span class='ocrx_word' id='word_1_148' title='bbox 384 1894 543 1927; x_wconf 77' lang='lat' dir='ltr'>varietate</span> <span class='ocrx_word' id='word_1_149' title='bbox 930 1889 1115 1929; x_wconf 80' lang='lat' dir='ltr'>Pauperum</span> <span class='ocrx_word' id='word_1_150' title='bbox 1137 1882 1348 1923; x_wconf 77' lang='lat' dir='ltr'>consolatrix,</span> 
     </span>
    </p>

    <p class='ocr_par' dir='ltr' id='par_1_23' title="bbox 275 1933 1266 1976">
     <span class='ocr_line' id='line_1_49' title="bbox 275 1933 1266 1976; baseline -0.01 0"><span class='ocrx_word' id='word_1_151' title='bbox 275 1943 359 1976; x_wconf 84' lang='lat' dir='ltr'>Eam</span> <span class='ocrx_word' id='word_1_152' title='bbox 377 1942 607 1976; x_wconf 80' lang='lat' dir='ltr'>collaudemus.</span> <span class='ocrx_word' id='word_1_153' title='bbox 977 1937 1087 1969; x_wconf 84' lang='lat' dir='ltr'>Mater</span> <span class='ocrx_word' id='word_1_154' title='bbox 1110 1933 1266 1967; x_wconf 87' lang='lat' dir='ltr'>fidelium.</span> 
     </span>
    </p>
   </div>
   <div class='ocr_carea' id='block_1_20' title="bbox 553 2007 1069 2286">
    <p class='ocr_par' dir='ltr' id='par_1_24' title="bbox 553 2007 1069 2286">
     <span class='ocr_line' id='line_1_50' title="bbox 553 2007 1052 2047; baseline -0.014 -4"><span class='ocrx_word' id='word_1_155' title='bbox 553 2011 584 2044; x_wconf 86' lang='lat'>3.</span> <span class='ocrx_word' id='word_1_156' title='bbox 623 2008 675 2041; x_wconf 90' lang='lat' dir='ltr'>De</span> <span class='ocrx_word' id='word_1_157' title='bbox 699 2007 799 2040; x_wconf 79' lang='lat' dir='ltr'>ramis</span> <span class='ocrx_word' id='word_1_158' title='bbox 825 2014 936 2047; x_wconf 86' lang='lat' dir='ltr'>regum</span> <span class='ocrx_word' id='word_1_159' title='bbox 965 2008 1052 2045; x_wconf 81' lang='lat' dir='ltr'>nata,</span> 
     </span>
     <span class='ocr_line' id='line_1_51' title="bbox 623 2056 956 2090; baseline -0.012 0"><span class='ocrx_word' id='word_1_160' title='bbox 623 2056 718 2090; x_wconf 69' lang='lat' dir='ltr'>suste</span> <span class='ocrx_word' id='word_1_161' title='bbox 738 2064 817 2089; x_wconf 81' lang='lat' dir='ltr'>vere</span> <span class='ocrx_word' id='word_1_162' title='bbox 838 2057 956 2088; x_wconf 80' lang='lat' dir='ltr'>vocata</span> 
     </span>
     <span class='ocr_line' id='line_1_52' title="bbox 674 2103 928 2143; baseline -0.008 -6"><span class='ocrx_word' id='word_1_163' title='bbox 674 2105 736 2137; x_wconf 87' lang='lat' dir='ltr'>Dei</span> <span class='ocrx_word' id='word_1_164' title='bbox 763 2103 928 2143; x_wconf 85' lang='lat' dir='ltr'>saturitas,</span> 
     </span>
     <span class='ocr_line' id='line_1_53' title="bbox 624 2151 1069 2192; baseline -0.016 -4"><span class='ocrx_word' id='word_1_165' title='bbox 624 2156 712 2188; x_wconf 77' lang='lat' dir='ltr'>Vere</span> <span class='ocrx_word' id='word_1_166' title='bbox 737 2153 829 2186; x_wconf 78' lang='lat' dir='ltr'>sidus</span> <span class='ocrx_word' id='word_1_167' title='bbox 851 2151 1069 2192; x_wconf 80' lang='lat' dir='ltr'>praeclarum,</span> 
     </span>
     <span class='ocr_line' id='line_1_54' title="bbox 623 2201 1033 2243; baseline -0.012 -6"><span class='ocrx_word' id='word_1_168' title='bbox 623 2206 654 2237; x_wconf 91' lang='lat' dir='ltr'>A</span> <span class='ocrx_word' id='word_1_169' title='bbox 675 2203 744 2235; x_wconf 89' lang='lat' dir='ltr'>sole</span> <span class='ocrx_word' id='word_1_170' title='bbox 771 2201 881 2234; x_wconf 83' lang='lat' dir='ltr'>differs</span> <span class='ocrx_word' id='word_1_171' title='bbox 906 2209 1033 2243; x_wconf 81' lang='lat' dir='ltr'>parum,</span> 
     </span>
     <span class='ocr_line' id='line_1_55' title="bbox 672 2249 943 2286; baseline -0.015 -1"><span class='ocrx_word' id='word_1_172' title='bbox 672 2251 768 2286; x_wconf 90' lang='lat' dir='ltr'>Luna</span> <span class='ocrx_word' id='word_1_173' title='bbox 791 2249 943 2283; x_wconf 84' lang='lat' dir='ltr'>lucidius.</span> 
     </span>
    </p>
   </div>
   <div class='ocr_carea' id='block_1_21' title="bbox 158 2317 1508 2405">
    <p class='ocr_par' dir='ltr' id='par_1_25' title="bbox 158 2317 1508 2405">
     <span class='ocr_line' id='line_1_56' title="bbox 234 2317 1508 2363; baseline -0.013 -2"><span class='ocrx_word' id='word_1_174' title='bbox 234 2333 276 2361; x_wconf 84' lang='lat' dir='ltr'>W</span> <span class='ocrx_word' id='word_1_175' title='bbox 305 2341 344 2360; x_wconf 85' lang='lat' dir='ltr'>an</span> <span class='ocrx_word' id='word_1_176' title='bbox 372 2332 447 2361; x_wconf 84' lang='lat' dir='ltr'>zwei</span> <span class='ocrx_word' id='word_1_177' title='bbox 475 2330 590 2360; x_wconf 79' lang='lat' dir='ltr'>Stellen</span> <span class='ocrx_word' id='word_1_178' title='bbox 610 2329 636 2357; x_wconf 87' lang='lat' dir='ltr'>A</span> <span class='ocrx_word' id='word_1_179' title='bbox 660 2329 721 2358; x_wconf 78' lang='lat' dir='ltr'>und</span> <span class='ocrx_word' id='word_1_180' title='bbox 742 2329 776 2357; x_wconf 89' lang='lat' dir='ltr'>B.</span> <span class='ocrx_word' id='word_1_181' title='bbox 797 2343 836 2347; x_wconf 97' lang='lat'><strong>—</strong></span> <span class='ocrx_word' id='word_1_182' title='bbox 858 2328 890 2363; x_wconf 83' lang='lat'>1,</span> <span class='ocrx_word' id='word_1_183' title='bbox 926 2328 937 2355; x_wconf 85' lang='lat' dir='ltr'>i</span> <span class='ocrx_word' id='word_1_184' title='bbox 966 2319 1168 2363; x_wconf 70' lang='lat' dir='ltr'>praegratase]</span> <span class='ocrx_word' id='word_1_185' title='bbox 1189 2321 1224 2350; x_wconf 77' lang='lat' dir='ltr'>A.</span> <span class='ocrx_word' id='word_1_186' title='bbox 1256 2335 1292 2340; x_wconf 84' lang='lat'>——</span> <span class='ocrx_word' id='word_1_187' title='bbox 1320 2321 1352 2354; x_wconf 79' lang='lat' dir='ltr'>i,</span> <span class='ocrx_word' id='word_1_188' title='bbox 1387 2318 1403 2346; x_wconf 83' lang='lat'><strong>3</strong></span> <span class='ocrx_word' id='word_1_189' title='bbox 1424 2317 1508 2346; x_wconf 68' lang='lat' dir='ltr'>Eam</span> 
     </span>
     <span class='ocr_line' id='line_1_57' title="bbox 158 2357 1430 2405; baseline -0.013 -4"><span class='ocrx_word' id='word_1_190' title='bbox 158 2371 363 2401; x_wconf 70' lang='lat' dir='ltr'>collaudemus</span> <span class='ocrx_word' id='word_1_191' title='bbox 382 2372 418 2400; x_wconf 93' lang='lat' dir='ltr'>A.</span> <span class='ocrx_word' id='word_1_192' title='bbox 438 2387 476 2391; x_wconf 97' lang='lat'><strong>—</strong></span> <span class='ocrx_word' id='word_1_193' title='bbox 497 2374 522 2405; x_wconf 87' lang='lat'>1,</span> <span class='ocrx_word' id='word_1_194' title='bbox 546 2370 562 2399; x_wconf 91' lang='grc'>6</span> <span class='ocrx_word' id='word_1_195' title='bbox 582 2369 675 2399; x_wconf 83' lang='lat' dir='ltr'>Festa</span> <span class='ocrx_word' id='word_1_196' title='bbox 695 2368 878 2397; x_wconf 86' lang='lat' dir='ltr'>celebremus</span> <span class='ocrx_word' id='word_1_197' title='bbox 898 2366 933 2395; x_wconf 88' lang='lat' dir='ltr'>A.</span> <span class='ocrx_word' id='word_1_198' title='bbox 954 2380 994 2385; x_wconf 89' lang='lat'>—-</span> <span class='ocrx_word' id='word_1_199' title='bbox 1016 2366 1040 2399; x_wconf 88' lang='lat'>1,</span> <span class='ocrx_word' id='word_1_200' title='bbox 1063 2363 1139 2392; x_wconf 82' lang='grc'>4-6</span> <span class='ocrx_word' id='word_1_201' title='bbox 1160 2362 1258 2390; x_wconf 84' lang='lat' dir='ltr'>hinter</span> <span class='ocrx_word' id='word_1_202' title='bbox 1278 2358 1336 2387; x_wconf 82' lang='lat' dir='ltr'>Str.</span> <span class='ocrx_word' id='word_1_203' title='bbox 1357 2357 1375 2386; x_wconf 87' lang='grc'><strong>2</strong></span> <span class='ocrx_word' id='word_1_204' title='bbox 1396 2358 1430 2386; x_wconf 88' lang='lat' dir='ltr'>B.</span> 
     </span>
    </p>
   </div>
  </div>
 </body>
</html>
