1655 2624
712 64 979 102 —125—

584 161 639 195 14.
669 161 694 194 O
721 163 843 195 rectrix
867 163 1061 202 coelestium,

721 209 817 243 Salus
844 213 877 243 et
901 211 1045 243 solamen

666 258 864 292 Miserorum
889 260 1038 302 omnium,

714 307 780 339 Per
804 310 895 340 tuum
916 307 1067 347 juvamen

666 353 768 386 Nobis
793 356 837 387 sit
860 356 1039 395 propitium

714 402 841 436 Judicis
867 411 1011 444 examen,

664 449 746 490 Ejus
770 460 813 483 ne
834 451 994 492 judicium

711 498 780 530 Nos
805 499 1006 532 condemnet.
1042 502 1158 533 Amen.

233 551 371 618 ’1⁸'thssss
392 553 422 581 b.
449 566 483 570 —
505 554 537 586 4,
568 555 583 581 3
602 552 727 581 'reflant
745 554 802 582 Hs.
823 571 831 575 -
881 555 908 588 9,
932 555 948 583 3
972 564 1061 584 nosce
1081 558 1204 592 propria
1226 558 1279 585 11⁵.
1301 571 1340 576 —
1362 557 1407 588 13,
1429 560 1448 587 4
1468 558 1517 585 In-

174 599 275 618 venire
344 611 349 617 .

747 724 939 757 purificatio.

173 795 206 828 1.
245 793 327 826 Toto
355 794 462 827 cordis
487 795 572 827 serio
876 797 910 829 4.
951 796 1132 830 Solatorem
1155 798 1308 830 mentium

293 842 419 875 Psallat
442 843 595 887 melodia,
1000 844 1078 878 Cum
1104 845 1274 878 devotione

244 890 373 922 Vacans
403 891 583 924 ministerio
947 892 1072 925 Poenas
1095 894 1286 933 patientium

294 938 443 972 Gaudeat
469 948 560 971 mens
585 941 641 981 pia
996 942 1051 974 Ad
1076 941 1232 981 templum
1257 945 1423 975 matronae

242 986 363 1027 Magno
391 987 566 1027 desiderio,
947 989 1096 1028 Portant,
1121 989 1176 1020 hic
1198 999 1258 1029 pro
1286 990 1426 1031 gentium

245 1033 325 1066 Cum
353 1035 393 1067 de
417 1036 591 1075 puerperio
948 1036 1095 1069 Advenit
1119 1038 1314 1077 gementium

291 1083 391 1115 Venit
416 1083 538 1116 Christi
565 1084 619 1116 dia
997 1085 1209 1117 Revelatione

293 1130 444 1164 Genitrix
469 1131 587 1165 Maria.
994 1133 1093 1165 Teste
1118 1132 1275 1168 Simeone.

171 1191 201 1222 2.
241 1187 308 1220 Dat
332 1187 516 1230 purificatio
875 1191 906 1222 5.
946 1189 1040 1222 Jesus
1066 1190 1129 1224 Dei
1153 1190 1249 1231 filius,

285 1237 412 1270 Nomen
436 1237 512 1269 huic
538 1237 613 1281 diei,
995 1239 1097 1272 Modo
1122 1243 1361 1280 praesentatus,

241 1285 355 1318 Potior
377 1285 436 1318 sed
460 1286 545 1318 ratio
947 1287 1084 1328 Templo
1107 1285 1146 1319 fit
1169 1288 1321 1322 humilius

289 1334 369 1366 Fuit
392 1334 507 1366 matris
531 1334 595 1367 Dei
995 1335 1042 1368 Ut
1066 1336 1224 1368 humanus
1250 1340 1353 1369 status

239 1380 337 1423 Legis
368 1382 565 1422 observatio,
945 1384 1068 1416 Parere
1092 1382 1221 1416 facilius

240 1429 327 1462 Nam
351 1431 580 1463 contaminatio
946 1431 1062 1464 Discat
1086 1435 1119 1463 et
1143 1432 1187 1464 sit
1212 1433 1307 1465 vilius

292 1479 518 1519 Cujuscunque
541 1480 591 1511 rei
996 1481 1126 1514 Crimen
1151 1483 1182 1512 et
1207 1485 1312 1514 reatus

290 1526 364 1559 Non
390 1527 539 1560 adhaesit
566 1528 605 1562 ei.
994 1529 1125 1561 Tollere
1148 1532 1293 1569 paratus.

169 1586 201 1619 3.
241 1584 384 1626 Virginis
413 1585 584 1618 clementia
874 1587 904 1619 6.
948 1586 1106 1619 Simeonis
1132 1586 1228 1619 lectio

286 1633 412 1674 Moysis
438 1634 600 1666 mandatis
992 1634 1044 1667 De
1072 1634 1199 1668 Christo
1226 1636 1296 1668 vult
1320 1637 1429 1673 scribi,

241 1682 320 1714 Cum
346 1682 531 1715 obedientia
944 1683 1037 1723 Quod
1062 1685 1111 1716 est
1134 1685 1328 1716 resurrectio

288 1731 412 1763 Facere
436 1731 508 1763 vult
531 1732 621 1772 satis,
992 1730 1194 1764 Refraenata
1218 1732 1291 1774 sibi,

240 1778 344 1811 Ut.in
370 1779 433 1811 hac
457 1780 644 1819 praesentia
946 1779 1057 1813 Gladii
1084 1781 1234 1820 trajectio

239 1826 336 1859 Vitae
362 1836 433 1860 cum
460 1826 604 1860 fruentia
943 1828 1136 1870 Poenaeque
1162 1830 1320 1863 connexio

288 1875 399 1915 Quivis
425 1885 445 1908 a
469 1877 612 1916 peccatis
991 1877 1091 1920 Virgo
1120 1875 1183 1909 fuit
1207 1878 1272 1910 sibi

288 1923 331 1956 Se
355 1927 472 1965 purget
499 1926 648 1965 patratis,
992 1925 1082 1958 Sicut
1106 1929 1202 1966 pater
1226 1926 1284 1959 ibi.

580 1985 610 2018 7.
649 1982 760 2016 Mater
783 1985 883 2025 plena
908 1985 1043 2026 gratiae,

698 2031 829 2066 Coelica
853 2033 978 2074 regina,

647 2080 764 2114 Facias
790 2091 848 2115 nos
875 2080 959 2113 facie

697 2129 828 2163 Perfrui
857 2130 977 2173 divina,

649 2178 719 2210 Nec
751 2188 810 2213 sua
836 2188 894 2213 nos
920 2179 990 2211 acie

648 2226 764 2260 Gratia
789 2227 942 2261 fallaciae

698 2276 822 2310 Cohors
849 2276 1029 2310 Sathanina

689 2325 822 2367 Mergat
845 2326 881 2358 in
905 2325 1045 2359 sentina.

242 2379 306 2408 Fol.
330 2382 365 2410 90
389 2391 414 2411 a.
437 2397 474 2402 —
496 2380 522 2417 2,
544 2383 563 2411 4
584 2383 655 2411 Fuit
673 2385 771 2411 mater
792 2383 849 2411 Dei
872 2382 926 2410 Hs.
947 2397 987 2401 —
1007 2382 1033 2415 3,
1056 2384 1073 2412 8
1095 2385 1204 2418 purgat
1225 2383 1279 2411 Hs.
