1655 2624
704 59 968 96 -143—

157 157 193 190 7.
233 155 387 198 Digneris
412 165 470 189 nos
498 156 647 190 refovere
864 160 897 193 8.
937 157 1088 191 Caritatis
1115 168 1148 191 es
1175 157 1330 192 fundator

284 203 390 237 Verae
415 205 497 237 lucis
523 206 630 246 gratia
986 206 1090 240 Dator
1115 215 1239 248 quoque
1264 215 1441 246 munerum,

234 252 344 293 Atque
368 256 509 286 mentem
537 254 725 288 dissuadere
938 255 988 288 Tu
1009 254 1114 288 sordis
1141 264 1174 287 es
1200 256 1418 296 propulsator,

283 301 335 333 De
358 311 394 334 re
419 302 616 335 transitoria.
988 303 1085 336 Sator
1108 303 1214 336 laudis
1241 311 1383 343 operum.

499 409 532 442 9.
571 408 623 440 Ab
650 407 805 441 infernali
829 408 979 449 carbone,

622 457 722 495 Bone,
749 466 807 489 nos
835 455 991 492 salvifica.

574 503 716 544 Spiritus
743 507 775 535 et
800 508 905 537 tecum
930 513 1015 545 pone

623 553 712 585 Pone
737 561 837 593 regna
863 552 993 587 coelica.

245 625 312 655 Fol.
341 627 393 655 100
417 634 435 654 a
455 627 531 655 ohne
553 626 726 655 Aufsehrift.
748 641 786 645 —
806 627 833 661 2,
855 629 873 655 4
892 627 1002 656 Tutum
1022 628 1068 656 fae
1090 627 1186 657 debile
1201 629 1257 656 Hs.
1277 644 1316 648 —
1338 628 1364 662 3,
1386 629 1401 656 3
1422 627 1505 656 Men-

167 674 215 694 ses
248 664 303 693 Hs.
331 680 369 684 —
400 664 432 697 3,
463 668 479 694 4
509 665 593 693 dulce
614 665 668 693 Hs.
703 680 736 685 -
770 667 801 697 5,
825 666 842 694 2
862 674 976 702 pauper
995 674 1159 703 pauperum
1179 667 1234 695 Hs.
1256 681 1294 686 -
1314 667 1371 695 Mit
1393 666 1504 694 clix-mm

167 703 262 732 Liede
292 704 397 740 emligt
422 704 471 732 ‹lie
501 703 600 732 Series
632 704 683 732 sier
716 704 981 737 Schulareniieder.
1022 705 1132 733 Hinter
1162 705 1227 734 dem
1253 705 1347 733 Liezlo
1376 705 1423 733 (110
1452 705 1485 733 B«

168 742 330 779 merkung:
375 742 545 776 „Deficiunt
570 742 665 770 adhue
692 742 813 770 mult-aff·
842 758 878 762 -—
906 743 958 772 Ich
994 743 1060 779 fiigo
1088 744 1166 771 noch
1186 744 1228 772 die
1254 743 1413 780 folgenden
1444 744 1504 772 chw

166 780 277 809 Lieder
299 780 457 809 derselben
477 780 533 809 115.
553 782 612 816 bei,
633 781 683 809 die
703 781 762 809 den
779 782 998 810 vorstehemlen
1016 783 1171 811 verwandt
1190 782 1341 811 seheinen.

650 1034 686 1065 111
705 1034 882 1066 nativitate
903 1032 1037 1066 Domini.

168 1119 202 1152 1.
242 1118 347 1151 Beant
371 1118 469 1150 laude
493 1119 586 1151 varia
869 1121 902 1153 4.
937 1118 1047 1151 Mater
1071 1118 1163 1160 virgo
1189 1119 1323 1158 placuit,

242 1166 384 1207 coelum,
412 1169 510 1206 terra,
537 1167 640 1200 maria
944 1166 1041 1207 Cujus
1067 1166 1139 1199 alvo
1162 1168 1275 1207 jacuit,

287 1215 394 1247 Deum
417 1213 592 1255 indefesse,
991 1215 1052 1254 Qui
1075 1216 1165 1247 venit
1189 1215 1358 1255 prodesse.

239 1264 361 1296 Verum
386 1271 445 1295 nos
470 1272 550 1304 prae
577 1264 693 1296 ceteris
938 1263 992 1296 Ex
1018 1272 1082 1304 qua
1105 1264 1195 1296 nasei
1221 1263 1321 1296 voluit

239 1311 287 1345 Ut
309 1311 478 1344 laudemus
504 1312 644 1344 aetheris
942 1312 1100 1352 Christus,
1128 1312 1182 1352 qui
1209 1310 1372 1344 condoluit

287 1360 410 1400 Regem
436 1363 484 1392 est
508 1369 649 1394 necesse.
987 1359 1133 1392 Naturae
1160 1363 1390 1401 transgressae.

164 1467 199 1499 2.
239 1465 301 1505 Qui
324 1474 384 1498 nos
409 1466 570 1505 sapientia
871 1468 900 1499 5.
940 1465 1046 1498 Natus
1068 1465 1156 1498 hosti
1179 1464 1299 1508 nocuit,

237 1513 332 1546 Fecit
357 1516 390 1546 et
416 1514 586 1546 clementia
940 1514 1024 1546 Nam
1052 1517 1084 1546 et:
1110 1514 1231 1546 cultum
1255 1512 1362 1546 docuit

287 1562 464 1596 Conservat
488 1563 523 1595 in
553 1571 633 1603 esse,
983 1560 1082 1594 Fidei
1110 1560 1288 1602 professae,

236 1610 325 1643 Deus
347 1613 472 1651 potens.
500 1611 641 1652 sapiens,
941 1611 1008 1650 Quo
1033 1619 1195 1643 meremur
1220 1610 1367 1643 bravium

239 1658 359 1698 Bonus,
390 1659 422 1691 vi
448 1659 495 1691 nil
523 1659 665 1700 rapiens,
939 1658 1118 1691 Fructuum
1144 1659 1290 1691 suavium

286 1707 445 1748 Dignatus
472 1707 595 1740 adesse.
987 1708 1025 1740 In
1051 1709 1166 1740 salutis
1189 1715 1305 1740 messe.

161 1815 196 1848 3.
236 1814 323 1848 Dum
347 1812 459 1846 felices
488 1813 617 1855 fuimus,
869 1816 899 1848 6.
940 1813 1038 1855 Cujus
1063 1816 1139 1847 nato
1167 1814 1309 1846 canimus

237 1863 302 1897 Per
326 1865 479 1903 parentes
508 1864 641 1903 ruimus,
940 1863 1040 1903 Proli,
1066 1866 1161 1896 vacet
1184 1862 1309 1895 animus

284 1911 339 1944 Sic
364 1911 507 1945 habebat
536 1921 589 1944 res
615 1921 660 1953 se,
987 1911 1112 1953 Virgini
1133 1919 1334 1952 progressae.

234 1960 336 1993 Verbi
362 1960 448 2001 quod
476 1960 620 1994 carnatio
938 1960 1038 1993 Fides
1064 1961 1112 1993 sio
1137 1960 1281 2000 erigitur,

232 2009 311 2043 Sola
334 2010 500 2050 reparatio
938 2009 1134 2042 Benedictus
1159 2009 1259 2050 igitur

283 2057 381 2092 Genti
406 2057 494 2091 foret
518 2067 599 2091 esse.
987 2058 1039 2091 Sit
1061 2056 1122 2091 fios
1146 2057 1259 2097 stirpis
1283 2056 1386 2089 Jesffie.

574 2168 605 2200 7.
644 2165 720 2199 Tibi
745 2165 962 2199 servientibus

641 2215 686 2248 Et
711 2218 788 2248 nato
815 2214 1041 2256 psallentibus,

692 2264 716 2297 O
741 2263 833 2305 virgo
859 2262 1000 2297 favesce.

237 2341 299 2369 Fol.
329 2341 366 2370 62
397 2350 423 2372 a.
455 2356 494 2360 —
524 2341 582 2370 s‘tr.
615 2342 632 2369 7
653 2341 733 2377 ἐι-,1131
760 2340 808 2369 die
828 2339 1040 2375 Bezeichnung
1060 2339 1226 2375 Repetitio,
1256 2338 1322 2365 hier
1343 2335 1439 2365 :ulviel
1463 2335 1508 2363 als

155 2381 288 2411 Refrain.
313 2395 352 2405 ‚-
374 2380 400 2416 3,
424 2380 440 2409 6
463 2381 539 2411 foret
556 2389 610 2417 per
633 2388 698 2409 esse
722 2381 777 2409 Hs.
799 2395 837 2399 —
858 2382 883 2413 4,
907 2380 923 2408 2
946 2379 1032 2407 alvus
1055 2378 1108 2406 Hs.
1131 2394 1169 2398 --
1192 2377 1217 2413 6,
1238 2377 1253 2405 3
1271 2376 1429 2413 Virginem
1452 2375 1507 2402 Hs.
