1655 2624
194 569 226 602 1.

190 868 222 900 ΞΘ

848 404 879 442 1.

633 488 678 520 De
698 487 916 529 assumptione
938 489 971 520 Β,
991 489 1030 520 M.
1052 490 1091 520 Y.

265 568 457 601 Honestatis
482 569 600 601 mentis
625 578 729 609 purae

262 617 430 650 Plaudant
454 625 564 649 omnes
592 620 759 650 creaturae

312 665 492 699 Credentes
517 663 670 706 fideliter,

262 712 349 745 Nam
375 717 424 746 est
448 713 544 746 modo
564 712 686 747 Christi
704 723 836 755 parens,

262 762 363 803 Virgo
390 764 504 794 sancta
528 761 602 794 labe
628 770 753 803 carens,

308 812 487 851 Assumpta
512 808 662 843 feliciter.

262 866 337 900 Jam
371 868 545 908 assumpsit
574 870 712 900 matrem
737 869 836 909 piam,

261 916 515 956 Postponentem
541 916 653 948 mundi
678 916 775 958 viam,

310 963 489 997 Salvatoris
521 965 644 1004 pietas;

261 1011 348 1044 Nato
374 1016 479 1044 mater
505 1015 555 1044 est
578 1012 612 1044 in
640 1013 738 1045 caelis

260 1059 371 1092 Fideli
394 1061 509 1101 juncta
532 1059 651 1101 fidelis,

310 1108 335 1141 O
362 1107 443 1141 felix
469 1109 618 1141 societas.

213 1192 220 1198 .
260 1165 324 1197 Est
348 1165 484 1206 impleta
508 1163 693 1209 prophetia,

262 1212 364 1252 Quam
388 1213 554 1255 praedixit
581 1214 622 1246 de
646 1214 755 1247 Maria

309 1262 418 1295 David
445 1270 523 1294 voce
547 1262 666 1302 lucida,

262 1309 323 1349 Qui
351 1311 434 1343 dixit
458 1310 492 1342 in
517 1311 651 1350 psalmis
675 1311 752 1350 suis,

259 1358 377 1390 Astitit
401 1368 421 1391 a
443 1358 568 1390 dextris
594 1358 658 1390 tuis

310 1406 436 1448 Regina
452 1407 684 1446 praecandida.

259 1463 312 1496 De
336 1464 557 1504 assumptione
582 1464 707 1505 quaerit

261 1512 331 1544 Ista
355 1512 508 1547 Salomon
534 1516 566 1545 et
588 1512 670 1544 serit

311 1561 537 1601 Quaestionem
571 1561 736 1594 sedulam:

262 1610 351 1648 Quae
376 1612 427 1642 est
450 1609 525 1650 ista,
552 1618 634 1650 quac
658 1610 806 1643 ascendit

260 1658 325 1690 Per
351 1658 515 1691 desertum
542 1661 574 1690 et
599 1658 743 1690 ostendit

309 1705 352 1738 Se
377 1705 555 1739 fumantem
579 1706 763 1748 virgulam?

259 1763 382 1796 Merito
407 1773 467 1805 pro
492 1765 586 1805 virga
610 1763 691 1796 fumi

260 1811 361 1846 Sacra
386 1814 477 1855 virgo
502 1815 611 1853 potest
634 1814 726 1857 sumi,

308 1860 393 1893 Nam
421 1864 471 1894 est
496 1862 525 1893 ei
550 1861 676 1902 similis,

260 1909 357 1941 Fumi
383 1910 508 1952 virgam
533 1910 763 1942 ascendentem

260 1957 394 1991 Sursum
422 1962 454 1991 et
478 1968 604 1991 summa
627 1961 792 2000 petentem

310 2007 435 2040 Ventus
460 2011 569 2040 movet
593 2006 711 2041 facilis.

213 2093 220 2100 .
260 2064 316 2098 Sic
339 2066 458 2106 Maria,
482 2065 511 2097 si
536 2067 689 2107 tangatur

257 2114 346 2147 Pura
371 2124 461 2155 voce,
486 2114 665 2147 inclinatur

305 2163 362 2196 Ad
386 2162 472 2196 velle
495 2163 694 2203 petentium;

257 2212 351 2244 Haec
375 2215 424 2245 est
448 2215 554 2246 mater
578 2213 723 2254 pietatis,

260 2259 391 2293 Nostris
415 2269 511 2294 orans
536 2270 597 2301 pro
622 2261 766 2302 peccatis

307 2309 407 2350 Apud
438 2318 531 2342 suum
553 2308 666 2343 filium.

263 2375 327 2403 Fol.
349 2376 386 2404 88
408 2384 435 2404 a.
456 2390 494 2395 —
517 2377 543 2411 1,
569 2376 585 2408 2
607 2376 757 2405 Plaudent
776 2375 832 2405 Hs.

922 571 954 603 7.

921 868 952 902 8.

897 1464 951 1498 10.

894 1765 950 1798 11.

897 2066 952 2099 12.

969 570 1059 603 Coeli
1085 570 1200 602 chorus
1226 572 1277 602 est
1297 570 1468 610 jucundus,

969 617 1099 650 Gaudet
1124 626 1189 659 aer,
1217 618 1335 658 gaudet
1360 620 1500 651 mundus

1018 666 1098 700 Cum
1123 674 1248 698 summa
1271 666 1407 707 laetitia,

968 714 1058 747 Coeli
1082 714 1201 755 gaudet
1226 712 1472 747 firmamentum.

967 762 1053 794 Dum
1082 762 1170 795 venit
1193 762 1260 794 tale
1284 762 1441 795 talentum

967 868 1036 900 Aer
1061 867 1190 910 gaudet,
1226 868 1301 900 dum
1325 869 1359 900 in
1386 877 1422 901 eo

968 916 1087 948 Obivat
1113 915 1222 948 Maria
1246 915 1316 948 Deo

1014 964 1061 996 Et
1084 972 1193 996 secum
1218 964 1401 1005 assumitur,

968 1011 1097 1044 Gaudet
1120 1015 1218 1051 terra,
1245 1021 1320 1044 nam
1345 1013 1385 1044 ab
1413 1021 1451 1045 ea

965 1060 1046 1092 Polo
1071 1059 1202 1100 gracilis
1226 1059 1304 1092 idea

1015 1106 1236 1141 Incundanter
1259 1108 1419 1141 redditur.

943 1191 951 1198 .
964 1165 1117 1198 Animam
1142 1165 1270 1197 Mariae
1294 1168 1420 1198 tantum

965 1213 1038 1246 Non
1052 1216 1250 1253 assumptam
1267 1214 1372 1254 crede,
1390 1217 1537 1247 sanctum

1014 1262 1140 1302 Corpus·
1167 1270 1236 1293 cam
1262 1262 1417 1303 sequitur,

966 1309 1100 1350 Corpus,
1127 1311 1161 1342 iu
1187 1319 1249 1350 quo
1276 1310 1444 1351 requievit,

966 1358 1026 1397 Qui
1049 1357 1163 1391 mundi
1186 1358 1292 1390 scelus
1316 1359 1445 1399 delevit,

1012 1407 1184 1439 Vermibus
1209 1415 1273 1438 non
1298 1407 1458 1441 redditur.

967 1464 1059 1504 Quod
1085 1464 1259 1504 assumpsit
1285 1464 1367 1497 coeli
1391 1464 1479 1497 sinus

968 1512 1092 1553 Corpus
1118 1512 1224 1552 simul,
1250 1512 1450 1553 Augustinus

1014 1561 1095 1593 Vult
1120 1562 1234 1594 doctor
1259 1561 1473 1603 doctissimus,

966 1609 1046 1641 Vult
1069 1609 1259 1643 Ber-nardus
1283 1609 1372 1642 idem
1398 1610 1495 1649 clare,

966 1657 1061 1690 Licet
1084 1657 1162 1691 inde
1189 1658 1339 1690 dubitare

1016 1706 1153 1739 Videtur
1178 1705 1384 1747 Jeronymus.

967 1765 1144 1798 Credamus
1170 1772 1246 1804 ergo
1273 1763 1419 1808 benigne,

967 1813 1059 1852 Quod
1084 1812 1168 1845 illud
1195 1821 1310 1853 corpus
1336 1813 1463 1855 insigne

1015 1861 1089 1894 Non
1116 1863 1164 1893 est
1191 1861 1302 1893 datum
1326 1861 1508 1901 vermibus;

966 1911 1095 1943 Vermis
1123 1918 1228 1949 corpu=
1263 1919 1328 1941 11011
1352 1910 1505 1952 gustavit,

967 1959 1007 1992 In
1031 1968 1093 1999 quo
1122 1958 1269 1991 Christus
1295 1958 1456 1991 habitavit

1016 2007 1117 2040 Plene
1140 2015 1256 2038 novem
1280 2007 1457 2040 mensibus.

969 2064 1050 2104 Quia
1077 2064 1237 2097 credimus
1261 2065 1324 2097 hoc
1349 2075 1436 2107 vere,

966 2113 1035 2146 Fac
1059 2113 1169 2147 Maria
1192 2122 1251 2145 nos
1274 2114 1396 2157 videre,

1015 2163 1054 2195 Is]
1082 2162 1169 2203 quod
1193 2162 1289 2194 modo
1317 2163 1498 2203 credimus;

966 2211 1143 2244 Videamus
1169 2214 1202 2242 te
1229 2219 1299 2242 cum
1323 2213 1400 2244 nato

967 2260 1004 2292 In
1030 2269 1129 2301 regno
1152 2259 1266 2299 juncta
1288 2258 1395 2299 beato,

1016 2309 1088 2342 Hoc
1114 2308 1230 2341 devote
1254 2308 1427 2348 poscimus.
