1655 2624
126 814 145 845 :3
150 837 158 843 .

124 1062 156 1093 4.

123 1311 141 1341 :st

123 1561 155 1589 (ἰ,

759 40 925 77 144—

768 143 826 184 25.

621 231 662 263 De
684 239 814 273 corpore
833 230 960 263 Christi.

158 342 164 348 .
209 314 334 353 Gaude,
362 312 450 348 Sion.
481 317 511 345 et
536 312 670 353 laetare,

202 363 317 399 Corde,
343 365 450 394 mente
469 361 659 403 jucundare,

199 409 285 443 Nam
306 410 361 441 hic
385 409 478 450 panis
503 409 595 441 vivus
621 416 697 440 arae

202 458 354 497 coelique
379 459 536 496 servatur,
564 465 663 497 quare

247 506 321 538 Huc
346 509 443 545 caput
466 504 648 538 inclinabis,

202 563 267 596 Hic
292 566 339 594 est
363 563 457 603 panis
482 562 680 603 angelornm,

201 612 281 651 Spes
309 614 341 642 et
364 610 433 642 vita
456 609 634 649 beatorum,

199 658 319 692 Factus
346 657 435 691 cibus
460 658 630 697 viatorum,

197 706 362 739 Medicina
386 706 589 747 populorum,

247 756 345 793 Quem
368 753 463 794 digne
484 753 645 786 adorabis.

194 811 378 851 Edentique
404 810 564 843 damnatio

195 859 260 899 Fit,
287 859 322 891 ni
346 859 469 899 praesit
492 857 667 895 mundatio,

198 907 244 941 Ut
267 907 347 947 legis
376 907 469 939 docet
493 906 587 946 ratio,

196 956 235 987 A<
270 954 342 994 tibi,
366 956 405 987 ut
429 953 565 986 salvatio

244 1001 302 1044 Sit,
328 1002 434 1034 isthac
460 1001 664 1034 conclinabiS.

195 1059 309 1099 Rudis,
342 1059 453 1091 doctus
477 1057 573 1090 firma
596 1061 712 1099 mente,

193 1107 301 1141 Herus
327 1106 439 1139 credat
464 1114 535 1138 cum
561 1106 687 1146 cliente,

194 1154 314 1187 Forma
337 1154 443 1194 prima
467 1156 653 1186 remanente

192 1202 291 1236 Panis
316 1210 390 1235 caro
420 1202 506 1243 quod
529 1204 665 1242 repente

238 1250 304 1293 Fit,
334 1250 420 1290 quod
445 1250 499 1282 hic
524 1249 685 1282 adorabis.

146 1335 154 1342 .
192 1309 301 1348 Atque
325 1316 431 1348 sensu,
462 1308 506 1340 mi
533 1307 661 1347 dilecte,

193 1355 228 1388 Si
251 1365 317 1388 non
343 1356 432 1396 capis
457 1356 519 1388 hoc
542 1354 698 1397 perfecte,

191 1403 290 1436 Adsit
313 1402 406 1441 fides,
434 1404 483 1435 vis
510 1413 551 1435 ne
576 1406 685 1436 sectae

192 1451 311 1485 Falsae
334 1453 368 1483 te
392 1451 535 1491 seducat,
559 1455 649 1483 recte

240 1499 314 1532 Huc
340 1502 438 1540 caput
460 1498 644 1532 inclinabis.

193 1557 237 1589 Et
261 1560 296 1589 ut
319 1555 549 1597 exemplificari

191 1606 336 1646 Plusque
360 1605 487 1646 possint
509 1603 680 1637 informari

190 1653 245 1685 Ad
272 1652 467 1685 credendum
492 1653 526 1685 in
550 1652 612 1685 hoc
638 1654 715 1695 cari,

195 1701 359 1741 Quaedam
386 1701 516 1734 dement
537 1702 692 1742 enarrari,

239 1750 337 1783 Hunc-
361 1758 478 1790 panem
502 1749 666 1784 adorabis

197 1815 262 1844 1³01.
287 1816 340 1844 125
364 1824 391 1844 a.
413 1831 450 1835 —
472 1815 498 1850 3,
528 1816 544 1843 2
566 1817 614 1844 Sit
634 1817 666 1843 ni
687 1818 800 1853 praesit
820 1818 875 1846 Hs.

754 1939 812 1979 26.

851 313 884 344 7.

822 1061 877 1094 10.

821 1309 877 1342 11.

896 311 998 345 Rivus
1024 311 1166 352 quidam,
1189 314 1226 342 ut
1255 314 1420 347 narratur,

897 360 990 393 Istud
1015 360 1133 392 mirum
1158 361 1321 399 operatur.

897 408 968 448 Qui,
995 408 1024 440 si
1047 408 1170 448 lignum
1193 407 1390 448 imponatur,

895 456 969 489 «Tam
998 457 1033 488 in
1058 465 1170 488 saxum
1196 456 1445 492 transmutatur,

940 504 1015 537 Huc
1040 504 1135 545 digne
1163 502 1347 536 reclinabis.

874 590 880 596 .
895 561 986 594 Dicit
1011 562 1108 594 etiam
1136 561 1310 601 scriptura,

896 609 974 643 Vini
997 609 1150 650 lymphae
1175 608 1261 649 quod
1284 610 1403 640 natura

894 658 974 691 Fuit
997 658 1082 701 data,
1111 657 1197 698 quod
1222 659 1348 688 statura

896 705 1020 745 conjux
1043 705 1130 738 Loth
1154 707 1280 736 mutata
1306 709 1397 744 dura,

942 753 1038 786 Hunc
1061 762 1178 794 panem
1202 751 1365 785 adorabis,

871 836 879 842 .
894 811 1061 843 Vacillare
1084 819 1145 843 nec
1169 810 1203 843 in
1225 818 1310 850 pane

892 858 980 898 Ergo
1008 858 1117 899 debeS,
1149 858 1204 899 qui
1228 862 1295 890 tam
1320 866 1415 889 mane

892 906 969 938 Erit
994 915 1067 939 caro
1093 907 1177 938 sicut
1202 914 1280 938 sane

892 954 1003 987 Verba
1026 954 1147 987 dixerit
1168 962 1231 986 nec
1258 962 1342 986 vane

942 1001 1111 1042 Sacerdos,
1138 1001 1321 1034 inclinabis.

892 1059 962 1092 Sibi
987 1059 1132 1093 Christus
1159 1069 1230 1092 cum
1257 1059 1380 1092 donare

891 1109 967 1140 Pius
993 1108 1106 1147 voluit,
1132 1109 1219 1148 quod
1243 1116 1320 1140 arae

890 1156 1013 1189 Panem
1037 1159 1145 1196 potest
1169 1159 1390 1188 transmutare

892 1203 947 1236 Sic
973 1204 1007 1235 in
1031 1203 1095 1236 Dei
1122 1212 1260 1244 carnem,
1289 1212 1390 1244 quare

936 1250 1033 1284 Hunc
1057 1261 1180 1284 summe
1205 1251 1367 1285 adorabis.

893 1309 918 1342 O
943 1317 1024 1349 prae
1051 1309 1148 1351 digna
1169 1308 1232 1341 Dei
1258 1317 1343 1350 caro,

889 1357 987 1389 Panis
1011 1356 1095 1400 vive,
1117 1355 1172 1389 t'ac
1195 1366 1238 1390 ne
1260 1357 1365 1398 pharo

891 1404 959 1437 Nos
984 1405 1119 1437 seducat
1145 1414 1214 1437 cum
1241 1414 1350 1445 avaro,

894 1452 959 1485 Sed
981 1453 1154 1494 jungamur
1180 1456 1273 1485 coetu
1299 1462 1387 1494 οπο,

941 1500 1038 1533 Hunc
1064 1502 1161 1543 digne
1184 1502 1371 1535 reclinabis.

823 1558 877 1591 12.
895 1558 962 1598 Quo
990 1558 1210 1591 dulcissimum
1234 1559 1377 1592 solamen

892 1605 1081 1639 Habeamus
1106 1616 1168 1640 nec
1192 1616 1365 1648 gravamen

895 1654 987 1694 Quod
1011 1655 1167 1687 concedat
1190 1655 1290 1688 Deus.
1317 1657 1445 1698 Ameng:

893 1702 981 1745 Ergo
1007 1704 1195 1737 reclinando
1220 1702 1338 1737 flamen

939 1751 1037 1784 Hune
1057 1753 1155 1792 plene
1179 1752 1344 1786 adorabis.

543 2024 588 2056 De
611 2025 638 2056 S.
661 2024 805 2057 Johanne
824 2024 1048 2066 Evangelista.

123 2104 155 2138 1.
193 2104 231 2136 In
256 2103 412 2136 Johannis
438 2103 592 2136 solemnio

195 2151 320 2185 Fidelis
343 2151 467 2192 psallat
490 2153 602 2184 concio

242 2199 420 2234 Exsultans
446 2200 553 2233 cordis
575 2200 691 2241 jubilo,

199 2251 298 2287 Quem
322 2248 385 2280 sibi
410 2257 469 2281 rex
494 2248 669 2282 altissimus

194 2296 346 2329 Adscivit
373 2297 545 2337 specialius

246 2344 309 2377 Suo
338 2345 507 2378 cubantem
532 2346 665 2386 gremio.

821 2107 851 2138 2.

891 2106 955 2139 Hic
981 2109 1030 2138 est
1052 2107 1110 2139 ille
1137 2106 1326 2148 discipulus,

897 2155 996 2195 Cujus
1023 2163 1088 2195 cor,
1113 2163 1205 2187 mens
1232 2158 1265 2187 et
1289 2157 1405 2189 oculus

944 2203 982 2235 In
1007 2206 1149 2237 amatum
1175 2203 1369 2246 traducitur,

896 2250 941 2282 Et
967 2251 1100 2283 secretis
1128 2252 1320 2285 coelestibus

895 2299 982 2345 Prae
1007 2301 1123 2333 ceteris
1148 2300 1341 2336 mortalibus

944 2347 1126 2381 Perfectius
1154 2348 1322 2384 imbuitur.
