1655 2624
714 51 957 87 -65—

805 156 862 196 78.

581 241 721 282 Hymnus
744 241 781 274 de
801 242 915 274 Sancto
939 242 1085 275 (alei-aldo.

164 323 195 356 1.
234 321 367 355 Laudes
393 323 556 356 solvamus
584 323 711 356 debitas
867 325 897 358 6.
935 324 1113 358 Frontibus
1132 327 1260 358 noctem
1286 325 1423 367 pepulit,

234 369 319 410 Tibi,
346 371 439 403 unita
463 371 602 412 trinitas,
936 372 1056 405 Lucem
1084 372 1149 405 diei
1173 373 1295 414 retulit,

233 418 381 451 Alternis
405 420 469 451 rite
491 419 636 462 vocibus,
935 421 1030 453 Vires
1054 429 1228 453 nervorum
1253 420 1367 461 aridiS,

235 467 340 501 Glaris
369 476 495 508 quoque
521 467 737 500 concentibus.
935 468 1038 501 Dedit
1061 468 1204 509 vigorem
1230 468 1402 510 languidis.

161 525 195 558 2.
234 523 283 558 Ut
309 525 345 557 in
370 524 508 557 Geraldi
532 525 684 566 precibus
864 526 896 560 7.
934 526 1126 559 Morborum
1149 526 1284 558 mundat
1311 535 1439 567 genera,

234 572 355 606 Noster
381 573 522 605 exsultet
546 573 693 615 spiritus,
937 574 1095 608 Cordium⁴
1115 576 1209 607 sanat
1233 575 1378 616 vulnera,

234 620 416 661 Totumque
442 629 561 661 corpus
586 622 738 662 gaudeat,
936 622 1081 662 Corpore
1105 620 1197 663 fugat
1221 622 1403 662 daemones,

236 668 338 709 Opem
364 670 478 703 salutis
504 669 632 702 sentiat.
935 670 1136 703 Bacchantes
1161 673 1281 711 purgat
1303 670 1457 703 homines.

163 728 196 761 3.
241 726 303 766 Qui
327 726 418 768 virgo
444 726 485 759 ab
509 726 659 772 infantia,
864 729 896 761 8.
934 728 1114 761 Surdorum
1137 735 1231 760 aures
1255 727 1380 768 arrigit,

235 775 358 810 Christi
383 776 529 816 repletus
554 776 669 817 gratia,
934 777 1100 809 Mutorum
1127 776 1253 819 linguas
1279 776 1395 816 aperit,

234 823 320 856 Dum
346 823 429 856 vixit
452 824 487 856 in
513 824 574 856 hoc
601 833 748 865 corpore,
936 825 1004 864 Quo
1030 834 1143 857 sensus
1169 832 1229 865 per
1254 823 1395 856 officium

234 872 322 905 Miro
346 870 479 904 refulsit
502 880 610 913 opere.
936 871 1053 905 Plures
1078 872 1275 905 conlaudant
1300 871 1473 904 dominum.

163 931 196 963 4.
237 928 343 962 Nudis
369 929 586 962 membrorum
612 930 754 971 tegmina
865 932 898 965 9.
935 931 1036 973 Ergo,
1064 929 1230 963 confessor
1253 929 1377 972 inclite,

236 978 397 1018 Perrexit,
424 978 520 1010 siccis
544 978 671 1022 pocula,
939 978 1082 1011 Crimina
1106 981 1218 1010 nostra
1240 978 1343 1018 delue,

233 1026 400 1058 Lacrimas
426 1026 521 1059 tersit
544 1025 706 1066 flentibuS,
937 1026 988 1059 Sit
1010 1026 1103 1058 nobis
1128 1035 1189 1066 per
1211 1028 1246 1057 te
1270 1026 1375 1069 venia,

234 1075 400 1114 Angorem
426 1072 534 1106 aufert
554 1075 725 1107 mentibus.
936 1074 1039 1107 Feras
1064 1073 1242 1115 tranquilla
1264 1076 1421 1113 tempora.

165 1134 195 1165 5.
233 1131 333 1165 Unde
357 1134 433 1173 post
459 1133 564 1165 carnis
590 1131 723 1172 obitum,
842 1134 898 1167 10.
937 1133 1083 1173 Praesta,
1107 1135 1202 1171 pater
1226 1131 1380 1171 piissime,

235 1180 283 1215 Ut
306 1188 462 1221 praesens
488 1181 532 1212 sit
555 1181 722 1221 indicium,
938 1180 1094 1220 Patrique
1120 1188 1251 1221 compar
1275 1179 1379 1223 unice,

233 1228 364 1268 Majora
389 1228 446 1261 dat
470 1229 627 1261 miracula
940 1228 1020 1262 Gum
1045 1228 1163 1269 spiritu
1188 1227 1347 1269 paraclito

234 1277 365 1309 Domini
390 1286 451 1317 per
475 1276 638 1317 suffragia.
939 1277 1091 1317 Regnans
1124 1286 1184 1317 per
1209 1285 1303 1308 omne
1328 1275 1502 1308 saeculum.

239 1342 304 1371 1⁶01.
327 1343 364 1371 33
375 1343 403 1371 b.
427 1358 463 1362 —
484 1343 546 1371 Der
559 1342 690 1380 Heilige,
707 1343 773 1371 dem
786 1343 883 1371 dieser
893 1343 954 1370 und
968 1343 1020 1370 der
1033 1342 1173 1379 folgende
1186 1342 1324 1377 Hymnus
1337 1341 1504 1377 gewidmet,

165 1383 212 1409 ist
239 1382 291 1410 der
316 1382 357 1410 hl.
380 1381 526 1410 Geraldus
553 1381 629 1409 Graf
649 1390 710 1410 von
728 1382 877 1417 Aursslac,
906 1381 990 1409 nicht
1011 1378 1159 1409 Geraldus
1179 1389 1240 1408 von
1260 1380 1360 1408 Sauve
1380 1379 1506 1415 majenr,

166 1420 221 1448 der
237 1421 348 1457 jiinger
367 1421 409 1448 ist
425 1420 486 1448 und
507 1421 562 1448 auf
580 1420 637 1449 den
658 1421 702 1455 79,
726 1421 751 1456 3,
773 1420 790 1449 3
811 1421 896 1448 nicht
916 1428 1025 1456 passen
1046 1419 1155 1447 wiirde.

804 1514 861 1556 79.

564 1601 599 1633 In
619 1601 786 1633 matutinis
807 1600 957 1633 laudibus
980 1601 1125 1640 hymnus.

165 1673 198 1705 1.
237 1673 337 1714 Deus,
363 1676 494 1714 patrum
517 1673 577 1705 sub
602 1675 751 1715 tempore
865 1676 899 1708 4.
937 1673 1002 1706 Hic
1024 1680 1143 1712 nempe
1167 1681 1277 1704 coram
1305 1669 1448 1712 dyscolis

238 1721 299 1760 Qui
322 1723 439 1754 mirum
465 1730 546 1761 opus
573 1730 730 1765 gesseras,
938 1722 985 1754 Te
1010 1719 1196 1761 glorificans
1223 1720 1331 1762 coluit,

238 1768 286 1801 Sit
304 1769 375 1801 laus
388 1769 460 1809 tibi,
480 1770 568 1810 quod
579 1779 664 1802 nunc
678 1778 803 1812 quoque
939 1771 989 1803 Tu
1015 1778 1122 1802 coram
1148 1769 1198 1801 his
1223 1768 1310 1801 hunc
1337 1768 1470 1800 decores

237 1816 375 1850 Nostros
404 1817 473 1850 dies
498 1816 664 1851 laetificas.
939 1819 987 1852 Ut
1010 1818 1067 1850 hos
1091 1826 1152 1859 per
1174 1818 1280 1858 ipsum
1307 1816 1461 1857 corrigas.

167 1877 200 1909 2.
239 1874 336 1908 Miles
362 1884 464 1909 novus
493 1884 565 1908 cum
589 1876 693 1909 veteri
868 1879 901 1911 5.
939 1877 1001 1910 His
1025 1879 1140 1909 cuncta
1164 1878 1264 1908 vertis
1290 1875 1326 1907 iu
1351 1874 1480 1914 bonum,

238 1924 352 1958 Sacclo
380 1923 541 1957 Gcraldus
566 1925 742 1966 splenduit,
942 1926 1003 1966 Qui
1030 1925 1168 1966 diligunt
1192 1927 1225 1956 te
1249 1933 1310 1964 per
1336 1931 1417 1964 eum,

239 1972 337 2013 Cujus
363 1972 451 2005 levet
472 1982 530 2006 nos
553 1973 667 2015 pietas,
940 1975 1002 2015 Qui
1014 1974 1103 2006 vexit
1117 1976 1149 2005 et
1160 1973 1245 2006 hunc
1257 1973 1407 2013 pignetra
1416 1969 1506 2015 [sic]

238 2021 323 2062 Quos
348 2022 465 2062 mergit
489 2021 602 2063 ingens
626 2022 783 2062 pravitas.
942 2023 1142 2056 Conventum
1169 2022 1255 2054 hunc
1280 2019 1456 2053 sanctifica.

167 2081 198 2113 3.
236 2080 320 2112 Nam
345 2079 459 2121 stirpe,
486 2081 573 2121 gazis
598 2080 740 2124 inclitus,
867 2083 898 2116 6.
937 2081 1084 2122 Praesta,
1110 2084 1205 2121 pater
1230 2078 1384 2120 piissime,

237 2128 304 2162 Piis
330 2137 449 2162 vacans
476 2133 509 2160 et
533 2128 669 2171 actibus,
938 2130 1093 2170 Patrique
1119 2137 1251 2169 compar
1276 2129 1380 2170 unice,

238 2178 277 2210 ln
303 2178 421 2217 spiritu
447 2186 573 2218 pauper
598 2176 670 2219 fuit,
942 2178 1021 2213 Cum
1046 2178 1165 2219 spiritu
1188 2177 1348 2218 paraclito

239 2225 345 2261 Simus
371 2227 458 2266 quod
484 2227 552 2267 ejus
577 2228 713 2261 meritis.
941 2227 1037 2260 Nunc
1070 2230 1103 2258 et
1126 2234 1187 2267 per
1215 2234 1309 2257 omne
1333 2223 1506 2256 saeculum.

245 2289 311 2319 Fol.
342 2293 378 2322 34
404 2304 430 2324 u.
462 2301 505 2329 sq·
534 2310 575 2315 —
604 2294 629 2329 5,
652 2295 668 2323 3
690 2294 844 2331 verderbt3
866 2295 905 2323 da
924 2295 956 2322 in
980 2295 1047 2322 dem
1069 2293 1174 2321 W'ortc
1195 2293 1334 2329 pignetra
1356 2291 1405 2319 die
1426 2289 1509 2319 Silbe

168 2334 196 2358 et
217 2330 308 2360 durch
330 2332 383 2360 das
396 2332 722 2370 Abkiirzungszeichen
743 2331 770 2361 ἃς
789 2335 931 2371 gegeben,
954 2335 995 2362 ist
1015 2337 1141 2370 penetra
1162 2332 1232 2360 oder
1248 2332 1377 2367 pignora
1397 2338 1435 2358 zu
1445 2338 1511 2358 ver-

164 2372 274 2407 muten,
297 2379 358 2399 was
379 2371 475 2402 indess
497 2373 585 2400 einen
607 2373 683 2401 {sinn
702 2373 846 2402 ebent'alls
867 2373 953 2401 nicht
971 2372 1090 2401 zuliisst.

222 2423 243 2446 D
253 2430 265 2446 r
271 2428 322 2446 uve
328 2429 353 2451 S,
370 2423 520 2451 Hymnarius
533 2424 726 2449 Moissiacensis.
1315 2416 1333 2447 ‘3
