1655 2624
751 62 989 98 „79-

651 177 881 219 ZWEITE
913 176 1093 220 SERIE.

836 282 915 323 105.

671 358 714 390 De
734 358 919 400 Epiphania
940 357 1073 390 Domini.

203 429 235 462 1.
275 429 370 462 Jesus
398 428 528 461 refulsit
548 430 688 462 omnium

273 478 350 510 Pius
380 477 568 516 redemptor
593 477 746 518 gentium,

272 526 390 558 Totum
412 533 512 566 genus
537 523 682 557 fidelium

270 573 403 606 Laudes
431 572 575 605 celebrat
601 573 793 607 dramatum.

200 632 232 665 2.
272 630 372 670 Quem
398 630 495 663 stella
517 633 628 662 natum
652 628 779 670 fulgida

270 680 458 712 Monstrans
483 678 581 711 micat
607 679 640 711 in
663 678 797 711 aethera

271 727 451 768 Magosque
477 726 569 759 duxit
592 726 727 768 praevia

270 775 366 808 Illius
392 775 434 806 ad
459 774 627 807 cunabula.

200 834 232 866 3.
270 833 326 866 Illi
353 832 506 865 cadentes
531 832 704 873 parvulum

274 880 395 914 Pannis
422 881 562 913 adorant
586 880 734 924 obsitum,

272 930 394 962 Verum
419 927 564 961 fatentur
589 932 622 960 et
646 928 751 962 Deum

270 978 391 1009 Munus
416 976 553 1009 ferendo
579 977 760 1017 mysticum.

200 1037 232 1068 4.
270 1034 371 1067 Denis
398 1037 448 1066 ter
473 1043 629 1067 annorum
657 1035 756 1075 cyclis

272 1082 345 1115 Jam
371 1087 466 1123 parte
488 1082 601 1115 vivens
629 1083 773 1123 corporis

269 1130 452 1171 Lympham
481 1131 565 1171 petit
590 1131 793 1172 baptismatis

272 1179 405 1213 Cunctis
431 1187 545 1211 carens
572 1179 738 1219 contagiis.

903 632 936 665 6.

906 431 937 464 5.
975 428 1072 461 Felix
1093 429 1257 462 Johannes
1282 437 1428 470 mergere

978 477 1074 509 Illum
1100 477 1258 510 tremiscit
1282 476 1421 516 flumine,

976 525 1088 557 Potest
1112 534 1169 557 suo
1195 525 1249 566 qui
1275 525 1430 565 sanguine

975 573 1116 605 Peccata
1142 574 1242 605 cosmi
1266 575 1403 614 tergere.

974 631 1044 663 Vox
1071 639 1146 671 ergo
1175 630 1299 671 prolem
1327 631 1368 663 de
1392 630 1477 670 polis

974 679 1127 711 Testatur
1153 679 1272 711 excelsi
1297 679 1413 719 patrie,

975 726 1085 759 Virtus
1111 727 1268 768 adestque
1292 726 1485 768 pneumatis,

975 774 1086 807 Sancti
1112 775 1220 807 datrix
1246 774 1459 809 charismatis.

974 833 1052 874 Nos,
1082 832 1217 876 Christe,
1245 833 1386 873 supplici
1410 841 1509 872 prece

974 879 1160 920 Precamm,
1189 889 1298 914 omnes
1323 885 1468 924 protege,

975 929 1036 968 Qui
1061 929 1223 971 praecipis
1253 929 1425 961 rubescere

974 978 1130 1010 Potenter
1153 977 1287 1017 hydrias
1314 985 1425 1018 aquae.

928 1062 935 1069 .
975 1035 1112 1067 Praesta
1137 1034 1309 1075 benignum
1334 1034 1446 1066 sedulo

973 1083 1123 1116 Solamen
1146 1082 1307 1123 adjutorio

973 1131 1160 1171 Raptosque
1185 1140 1243 1163 nos
1269 1139 1290 1162 a
1313 1134 1438 1162 tartaro

972 1177 1124 1220 Regnare
1153 1178 1206 1211 fac
1230 1184 1336 1211 tecum
1360 1177 1447 1219 polo.

587 1238 618 1271 9.
656 1236 744 1269 Laus
769 1237 909 1269 trinitati
938 1237 1058 1275 debita,

655 1284 777 1326 Honor,
805 1287 961 1328 potestas,
989 1286 1094 1326 gloria

654 1334 846 1366 Perenniter
870 1334 914 1366 sit
940 1334 1048 1366 omnia

655 1382 719 1414 Per
743 1382 946 1415 saeculorum
971 1383 1110 1414 saecula.

276 1453 340 1481 Fol-
363 1452 398 1481 59
420 1453 450 1481 b.
471 1453 528 1480 mit
546 1452 616 1481 Mel.
639 1467 675 1472 —
696 1453 774 1481 Dan.
796 1452 822 1481 I.
842 1454 877 1490 43
903 1454 995 1482 Mone
1015 1453 1061 1481 85.
1090 1467 1126 1472 —
1155 1453 1182 1487 4,
1206 1453 1218 1481 1
1241 1452 1368 1480 Denum.
1396 1467 1435 1472 —
1464 1452 1496 1487 6,
1524 1452 1542 1480 3

199 1491 363 1528 adestoque
384 1492 440 1519 Hs.
464 1505 502 1510 —-
525 1492 551 1525 9,
579 1493 589 1519 1
614 1491 761 1519 trinitatis
781 1492 837 1521 Hs.

834 1574 911 1615 106.

735 1652 826 1684 Alius
848 1652 995 1692 hymnus.

202 1725 231 1759 1.
260 1724 417 1757 Nuntium
436 1723 528 1756 vobis
543 1722 613 1757 fero
628 1725 669 1757 de
681 1724 841 1765 supernis,

260 1773 367 1806 Natus
402 1775 451 1804 est
482 1771 628 1805 Christus
662 1773 844 1805 dominator

530 1821 618 1853 orbis

260 1871 299 1903 In
334 1869 484 1903 Bethlem
517 1869 641 1911 Judae,
676 1869 724 1901 sic
759 1869 843 1902 enim

537 1919 700 1960 propheta

373 1966 513 2000 Dixerat
538 1971 623 1999 ante.

199 2027 230 2059 2.
257 2025 355 2060 Hunc
389 2026 476 2058 canit
508 2025 614 2057 laetus
645 2024 760 2060 chorus
786 2034 842 2058 an-

529 2075 685 2116 gelorum‚

258 2122 363 2156 Stella
385 2123 541 2163 declarat,
568 2124 700 2156 venient
725 2123 775 2156 eoi

257 2172 429 2212 Principes
449 2172 580 2214 dignum
594 2171 762 2205 celebrare
776 2171 843 2204 cul-

532 2223 610 2261 tum,

372 2268 515 2309 Mystica
543 2270 636 2303 dona.

902 1725 934 1758 3.
962 1724 1051 1756 Thus
1077 1725 1192 1765 Deum,
1219 1724 1354 1765 myrrha
1378 1725 1548 1758 trocletem

1229 1773 1404 1815 humando,

962 1820 1107 1854 Brathea
1162 1822 1247 1863 regis
1304 1822 1440 1863 chrysea
1491 1823 1547 1855 de-

1232 1870 1326 1911 centi,

963 1917 1049 1950 Dum
1087 1918 1198 1951 colunt
1219 1928 1337 1959 unum,
1372 1920 1550 1952 meminere

1230 1967 1352 2000 trinum

1071 2016 1152 2049 Tres
1177 2017 1255 2049 dare
1280 2019 1383 2051 terna.

903 2075 935 2108 4.
963 2073 1108 2107 Gloriam
1150 2075 1236 2107 trino
1279 2074 1412 2108 monadi
1453 2084 1548 2108 cana-

966 2170 1046 2204 Cum
1070 2172 1141 2204 Deo
1169 2133 1414 2213 divgngseiiitore
1438 2172 1536 2216 proli,

963 2220 1108 2253 Flamini
1115 2229 1177 2252 nec
1183 2230 1247 2254 non
1257 2220 1438 2262 abutroque
1444 2219 1547 2265 [fuso]

1079 2269 1186 2302 Corde
1210 2268 1312 2303 fideli.

274 2340 341 2370 Fol.
365 2340 401 2369 60
424 2349 450 2369 a.
472 2356 510 2361 —-
529 2341 634 2378 Migne
652 2340 711 2369 PP.
731 2341 794 2369 LL.
811 2339 914 2369 CXLI.
936 2350 964 2377 p.
987 2340 1054 2370 350.
1077 2354 1115 2359 —-
1135 2340 1276 2377 Hymnus
1298 2340 1349 2369 des
1370 2340 1410 2369 hl.
1426 2341 1551 2370 Fulbert

197 2388 257 2406 von
279 2378 429 2408 Chartres.
469 2379 537 2416 Vgl.
559 2379 617 2409 Str.
641 2382 654 2410 1
676 2380 727 2408 bei
746 2380 824 2409 Dan.
845 2380 870 2408 Ι.
892 2380 959 2409 235,
