1655 2624
737 59 979 96 -93-

820 164 903 205 130.

494 242 635 283 Hymnus
657 244 695 277 (le
717 245 967 287 Quadragesima
990 246 1030 278 ad
1050 255 1212 289 vesperas.

185 311 220 344 1.
259 310 348 352 ἔθευ,
376 316 521 346 sacrator
545 316 711 357 mentium,

261 358 342 400 Spes
370 365 403 393 et
427 363 515 394 salus
539 364 751 407 credentium,

258 407 328 440 Nos
353 408 415 442 hoc
440 410 696 453 quadragenario

260 455 403 490 Purifica
424 458 557 498 Jejunio.

183 524 220 556 2.
258 523 346 556 Dum
372 524 568 558 decimamus
594 535 733 560 annuam

260 572 308 605 Te
335 572 418 605 duce
442 573 684 614 parsimoniam,

258 620 413 654 Facultas
439 621 656 655 abstinentiae

258 668 309 701 Sit
334 667 459 702 fructus
484 671 712 711 poenitentiae.

889 317 921 351 3.

959 318 1006 351 Et
1033 317 1062 350 si
1086 320 1195 350 reatus
1224 319 1352 351 conscia

959 366 1055 398 Mens
1080 366 1142 399 tibi
1166 365 1236 398 Deo
1262 366 1435 410 supplicat,

959 414 1098 447 Intende
1123 414 1262 447 clemens
1288 415 1416 456 perpeti

960 462 1049 501 Quae
1072 465 1148 495 vota
1171 462 1283 495 reddit
1306 463 1446 503 vesperi.

959 527 1195 561 Monaohomm
1216 530 1351 570 collegio

960 575 1005 608 Et
1036 576 1225 619 clericorum
1247 578 1351 618 jubilo

959 623 1030 656 Nec
1053 633 1117 657 non
1141 625 1270 665 utrique
1294 626 1385 658 sexui

958 672 1059 704 Adsis
1083 673 1203 713 ubique
1227 674 1378 714 supplici.

540 740 570 773 5.
609 740 757 780 Praesta,
783 740 937 779 perennis
964 739 1067 771 deitas

612 787 658 820 Et
682 787 837 820 trinitatis
863 788 980 829 unitas,

611 835 660 869 Ut
686 835 791 877 dignis
817 836 958 876 paschae
981 836 1113 869 victima

616 883 684 916 Des
709 884 908 924 sempiterna
932 884 1069 918 saecula.

261 956 326 985 Fol.
350 956 387 985 80
407 958 435 986 b.
456 974 457 978 =

180 995 273 1023 times
293 996 349 1024 Hs.

814 1090 898 1131 131.

516 957 547 992 2,
571 962 587 989 3
609 959 748 988 Facultas
776 962 810 987 ut
836 960 1035 987 abstinentiae
1057 958 1113 987 Hs.
1142 974 1180 978 —
1209 959 1242 994 5,
1271 960 1287 988 3
1310 959 1440 996 paschae
1466 960 1524 987 vic-

756 1173 801 1205 De
820 1172 954 1205 Pascha.

886 1246 919 1278 4.
959 1244 1155 1285 Triumphat
1178 1244 1236 1276 ille
1260 1244 1435 1285 splendide

182 1242 219 1275 1.
262 1242 385 1276 Chorus
410 1252 514 1276 novae
538 1243 721 1277 Jerusalem

260 1291 388 1324 Novam
411 1292 488 1324 meli
514 1292 720 1325 dulcedinem

257 1341 401 1382 Promat,
434 1340 533 1373 edens
560 1350 633 1373 cum
658 1341 776 1374 sobriis

256 1388 417 1421 Paschale
442 1387 561 1422 festum
587 1390 726 1430 gaudiis.

179 1457 215 1489 2.
256 1455 325 1495 Quo
351 1455 499 1490 Christus
523 1456 663 1490 invictus
689 1457 740 1490 leo

254 1504 407 1537 Dracone
429 1513 564 1545 surgens
591 1505 718 1545 obruto,

253 1552 341 1585 Dum
365 1561 446 1586 voce
469 1553 546 1586 viva
569 1555 735 1596 personat,

255 1602 378 1635 Amore
402 1601 530 1636 functos
557 1603 687 1634 excitat.

184 1669 217 1702 3.
260 1669 362 1708 Quam
388 1669 571 1711 devorarat,
597 1668 765 1710 improbus

255 1717 417 1751 Praedam
441 1716 591 1751 refundit
614 1720 768 1759 tartarus,

257 1765 456 1806 Captivitate
479 1765 585 1799 libera

253 1814 275 1847 J
277 1823 365 1846 esum
387 1817 566 1855 sequuntur
591 1814 728 1855 agmina.

886 1459 917 1491 5.

887 1673 918 1705 6.

957 1292 1003 1325 Et
1028 1292 1144 1334 dignus
1170 1293 1394 1334 amplitudine,

958 1340 1027 1374 Soli
1051 1341 1182 1382 polique
1210 1341 1352 1381 patriam

957 1388 1032 1422 Una
1057 1388 1139 1421 facit
1162 1397 1232 1421 rem
1254 1389 1429 1430 publicam.

957 1457 1068 1497 Ipsum
1094 1455 1240 1489 canendo
1266 1456 1431 1497 supplices

956 1505 1078 1545 Regem
1102 1513 1274 1545 precemur
1298 1505 1429 1547 milites,

960 1553 1003 1586 Ut
1027 1553 1062 1586 in
1087 1562 1144 1585 suo
1172 1553 1349 1585 clarissimo

958 1601 1027 1634 Nos
1053 1602 1184 1635 ordinet
1207 1602 1341 1641 palatio.

957 1671 1024 1703 Per
1049 1670 1157 1703 saecla
1181 1673 1287 1702 metae
1310 1669 1421 1703 nescia

955 1718 1049 1752 Patri
1073 1727 1224 1759 supremo
1250 1718 1365 1759 gloria,

955 1766 1134 1808 Honorque
1159 1767 1203 1798 sit
1228 1776 1300 1799 cum
1324 1765 1392 1798 filio

954 1815 1001 1848 Et
1023 1816 1141 1855 spiritu
1163 1816 1333 1856 paraclito.

261 1880 327 1909 Fol.
351 1880 387 1910 80
409 1881 438 1909 b.
459 1897 487 1901 —
518 1881 596 1910 Dan.
617 1881 641 1909 1.
663 1880 734 1918 2223
754 1882 846 1910 Mone
868 1882 934 1911 162.
957 1882 1020 1910 Der
1040 1881 1179 1917 Hymnus
1200 1882 1242 1910 ist
1259 1890 1330 1909 vom
1348 1881 1525 1911 hi-Fulbert

181 1928 243 1948 von
264 1919 412 1950 Chartres.
443 1920 559 1957 „Rarus
581 1922 615 1948 in
633 1921 792 1948 breviariis
812 1918 970 1956 vetustis“,
996 1921 1075 1949 Dan.
1096 1921 1116 1949 l.
1139 1929 1164 1948 c.
1184 1935 1224 1939 —
1248 1922 1279 1957 1,
1308 1921 1325 1948 2
1347 1921 1433 1949 Nova
1453 1921 1525 1950 meli

183 1958 339 1987 dulcedine
358 1959 413 1988 Hs.
436 1974 474 1978 —
495 1959 521 1993 6,
545 1961 559 1988 1
581 1959 641 1987 Per
659 1960 761 1988 saecla
779 1962 878 1988 mente
897 1960 953 1989 Hs.

815 2054 894 2095 132.

682 2136 727 2170 De
747 2136 874 2179 Spiritu
900 2136 1027 2170 Sancto.

176 2217 212 2252 1.
249 2218 333 2251 Veni
360 2221 486 2252 creator
511 2220 656 2261 spiritus,

252 2267 381 2299 Mentes
406 2271 535 2303 tuorum
561 2268 670 2309 visita,

254 2315 359 2356 Imple
384 2325 526 2358 superna
549 2316 664 2361 gratia,

256 2364 346 2404 Quae
372 2368 409 2398 tu
435 2366 554 2398 creasti
578 2368 723 2407 pectora.

883 2221 915 2254 2.

956 2219 1017 2259 Qui
1041 2219 1222 2260 paraclitus
1249 2218 1378 2259 diceris,

954 2268 1084 2301 Donum
1108 2268 1172 2301 Dei
1198 2267 1359 2308 altissimi,

953 2317 1042 2350 Fons
1068 2317 1171 2359 vivus,
1198 2316 1294 2359 ignis,
1323 2315 1464 2349 charitas

953 2365 1000 2398 Et
1024 2365 1183 2407 spiritalis
1205 2365 1326 2398 unctio.
