1655 2624
535 150 566 184 7.
604 149 653 183 Sit
678 151 748 184 laus
771 151 858 191 patri
884 159 955 183 cum
978 150 1046 183 filio

608 198 654 231 Et
680 208 751 231 cum
776 199 831 240 pio
849 199 1020 240 paraclito,

612 246 713 286 Quem
738 250 915 287 personant
940 257 1066 280 sursum
1091 247 1159 287 poli

608 295 674 328 Per
699 298 817 327 cuncta
839 304 967 335 semper
993 295 1131 329 saecula.

280 360 346 388 Fol.
368 361 404 388 26
425 361 454 389 b.
477 375 513 379 —
534 360 563 395 2,
586 361 604 388 2
624 364 757 389 nostram
777 361 832 390 Hs.
855 361 880 397 3,
903 361 928 395 3,
951 362 1016 389 vita
1036 362 1139 389 Hs.—
1156 361 1183 393 3,
1206 361 1337 398 4polin1.
1354 362 1407 389 ΠΕ.
1420 362 1498 395 —4‚
1517 361 1526 388 1

202 398 287 434 poles
307 399 368 426 tuis
388 398 443 427 Hs.
464 415 503 419 —
524 399 550 433 6,
571 399 586 427 3
609 400 668 434 Qui
688 399 743 428 Hs.

840 483 898 523 67.

742 558 833 590 Alius
855 559 1000 599 hymnus.

205 628 238 662 1.
277 630 397 669 Magno
424 631 574 662 canentes
600 639 707 662 annua
902 631 933 663 3.
975 631 1211 664 Miraculorum
1236 633 1441 674 praepotens,

275 677 372 710 Nunc
395 677 574 710 Benedicto
600 678 737 720 cantica,
974 678 1116 711 Afflatus
1141 679 1208 710 alto
1230 677 1371 719 flamine,

276 727 438 759 Fruamur
462 725 558 766 hujus
581 726 712 758 inclitae
974 727 1190 767 Resplenduit
1214 726 1383 766 prodigiis,

275 772 477 805 Festivitatis
502 773 639 814 gaudiis.
975 774 1120 807 Ventura
1144 775 1244 806 saecli
1267 774 1469 815 praecinens,

201 832 235 863 2.
275 830 343 870 Quo
370 828 463 863 fulsit
484 833 520 863 ut
545 831 626 864 sidua
659 841 788 871 novum,
901 832 933 864 4.
973 832 1048 864 Non
1073 834 1148 865 ante
1170 833 1285 865 saeclis
1314 832 1476 872 cognitum

273 878 444 911 Mundana
467 879 593 919 pellens
618 879 740 921 nubila,
973 880 1083 912 Noctu
1104 879 1202 919 jubar
1226 879 1399 920 effulserat,

275 926 402 959 Aetatis
426 928 497 967 ipso
521 927 633 959 limine
974 927 1042 967 Quo
1067 931 1153 960 totus
1179 928 1267 960 orbis
1294 928 1435 959 cernitur

274 974 432 1014 Despexit
457 975 528 1008 aevi
550 973 676 1009 florida.
970 975 1016 1007 Et
1039 976 1121 1008 haec
1144 978 1234 1008 terra
1259 976 1463 1016 conspicitur.

538 1034 569 1065 5.
613 1032 663 1065 Sit
680 1032 820 1064 trinitati
845 1032 957 1073 gloria,

608 1080 659 1112 Sit
682 1089 801 1121 perpes
827 1084 860 1113 et
884 1080 1075 1122 sublimitas,

606 1129 702 1161 Hanc
727 1128 782 1169 qui
805 1129 971 1161 lucernam
997 1127 1156 1170 fulgidam

604 1176 748 1209 Donavit
771 1180 882 1209 nostro
907 1177 1045 1209 saeculo.

276 1242 340 1271 Fol.
363 1242 398 1269 27
420 1250 445 1269 a.
476 1256 515 1261 ——
541 1242 631 1270 Mone
652 1243 725 1275 839;
746 1243 822 1271 Dan.
843 1243 896 1271 IV.
921 1242 983 1270 183.
1003 1258 1044 1262 —
1063 1245 1089 1277 4,
1111 1243 1129 1270 2
1151 1241 1305 1279 effulgerat
1323 1243 1378 1271 Hs.
1405 1259 1438 1263 —
1462 1245 1488 1273 4.
1511 1245 1526 1271 3

199 1280 289 1314 Quod
308 1283 388 1308 totus
405 1280 459 1309 Hs.
481 1295 518 1300 —-
540 1283 566 1314 4,
590 1285 604 1308 —l
628 1284 658 1309 et
677 1284 757 1310 etera
776 1281 832 1310 Hs.
853 1297 891 1301 —
913 1282 938 1315 5,
964 1283 974 1309 1
999 1282 1152 1310 trinitatis.

837 1374 895 1416 68.

514 1451 558 1483 De
582 1451 612 1483 S.
634 1451 792 1484 Antonino
813 1452 949 1493 hymnus
970 1452 1011 1484 ad
1028 1451 1212 1484 nocturnas.

199 1523 232 1556 1.
267 1522 403 1555 Athleta
413 1522 545 1562 Christi,
556 1523 740 1556 Antoninus
748 1533 835 1556 mar-
900 1526 933 1557 4.
974 1523 1110 1556 Naviter
1120 1523 1536 1557 tandemfamulostonandi

533 1573 598 1611 tyr,
974 1571 1124 1604 Nominis
1150 1572 1208 1604 lito
1234 1572 1377 1613 propriis
1402 1571 1512 1606 furore

270 1619 419 1660 Supplici
440 1622 516 1652 voto
541 1621 728 1653 veneranda
745 1623 837 1660 gesta
974 1619 1113 1661 Cespitis
1136 1629 1254 1653 nomen
1279 1620 1429 1661 genitalis
1450 1621 1534 1654 almo

272 1667 371 1708 Cujus
396 1667 532 1708 insignis
558 1668 670 1700 radiat
693 1669 799 1701 nitore
1074 1669 1212 1702 Pectore
1236 1671 1350 1710 gestat.

371 1715 449 1747 Vita
473 1725 534 1756 Del·
559 1716 681 1751 orbem·
903 1727 934 1760 5.
974 1726 1123 1767 Namque
1137 1726 1313 1767 tranquillo
1331 1727 1535 1759 venerandus

200 1775 232 1806 2.
271 1772 358 1805 Dum
375 1773 439 1805 Dei
459 1777 550 1806 vates
567 1774 753 1806 rudimenta
767 1775 834 1815 pri-
1234 1776 1339 1807 exstat

529 1830 601 1854 mae
973 1822 1070 1855 Ortus
1098 1830 1138 1854 ex
1157 1823 1229 1855 vico
1246 1823 1439 1863 Dominique
1456 1826 1538 1855 nutu

271 1870 390 1903 Ferret
407 1870 533 1909 aetatis,
560 1870 684 1903 studuit
703 1871 836 1910 superni
971 1870 1084 1903 Mente
1092 1871 1267 1912 tranquillo
1277 1870 1373 1904 simul
1382 1874 1413 1903 et
1422 1880 1536 1904 sereno

271 1917 426 1951 Omnibus
451 1920 535 1951 votis
559 1918 687 1950 inhiare
713 1919 809 1960 curis,
1077 1919 1251 1959 Splenduit
1277 1922 1360 1952 actu.

373 1967 487 1999 Mente
511 1975 692 2001 senescens·
901 1978 931 2010 6-
972 1976 1109 2020 Christe,
1124 1980 1295 2017 poscentes
1308 1975 1446 2011 famulos
1460 1978 1536 2011 sub-

197 2026 230 2058 3.
270 2024 834 2066 Sisquecertatimmiserosfovebat,
1233 2026 1320 2066 audi,

269 2073 404 2115 Copiam
428 2074 533 2108 victus
550 2073 696 2106 tribuens
716 2074 834 2117 egenis,
971 2074 1111 2107 Vocibus
1121 2075 1240 2107 nostris
1249 2074 1407 2107 miserans
1416 2074 1536 2110 faveto.

270 2123 451 2163 Contegens
460 2122 576 2163 nudos,
587 2123 713 2163 pariter
723 2131 834 2155 conso·
971 2123 1090 2156 Trinus
1117 2126 1148 2155 et
1172 2123 1312 2164 simplex
1339 2123 1470 2156 deitatis
1489 2124 1535 2156 al-

529 2170 601 2204 lans
1231 2181 1284 2205 mo

369 2220 510 2255 Camere
533 2221 651 2254 trusos.
1071 2220 1210 2254 Lumine
1233 2220 1419 2261 splendens.

273 2286 337 2314 Fol.
355 2285 391 2313 27
413 2287 442 2314 b.
463 2302 502 2306 —
522 2288 580 2314 mit
597 2287 668 2315 Mel.
689 2298 728 2309 :z
748 2287 810 2315 Iste
831 2288 990 2316 confessor.
1013 2303 1050 2307 —
1071 2289 1097 2322 2,
1120 2287 1137 2314 2
1150 2287 1226 2315 Fere
1238 2288 1294 2316 Hs.
1310 2303 1351 2307 —
1369 2288 1394 2321 3,
1417 2287 1433 2315 2
1447 2289 1536 2316 victis

193 2324 371 2393 {imp—fi,
405 2326 416 2353 1
440 2326 503 2354 und
526 2326 543 2353 2
564 2326 817 2366 unverstzinfflieh.
839 2343 877 2347 —
899 2327 962 2355 Der
981 2326 1104 2364 Heilige
1124 2327 1166 2354 ist
1186 2326 1237 2355 cler
1257 2336 1280 2355 s.
1301 2334 1330 2362 g.
1353 2326 1383 2354 S.
1403 2327 1538 2356 Antonin

216 2372 231 2391 ο
277 2372 377 2392 armet.
