1655 2624
750 70 1011 107 —135—

213 190 245 202 -.
284 168 372 201 Hinc
397 178 492 210 opem
515 169 679 202 sororibus

332 217 496 250 Reddidit
519 218 643 258 paratis

285 265 437 298 Sordium
463 264 640 299 foetoribus

333 313 378 347 Et
402 314 509 354 stupri
529 314 673 355 peccatis

335 361 437 395 Donis
463 363 534 395 auri
561 362 657 402 datis,

336 410 453 451 Sicque
477 410 599 443 hahent
623 410 714 453 satis,

286 458 422 491 Relictis
449 458 624 498 erroribus,

285 506 422 538 Manent
445 507 479 538 in
504 506 690 545 honoribus,

287 554 424 586 Manent
448 557 481 586 et
504 554 538 586 in
563 551 696 586 fioribus

335 602 420 636 Suae
446 602 615 635 castitatis.

244 707 250 714 .
288 679 497 719 Tempestate
523 678 614 711 varia

335 726 456 768 Turbo,
482 730 609 768 ventus,
634 725 753 759 flamen

288 775 427 816 Agitant
449 782 511 815 per
532 775 636 807 maria

335 822 472 863 Nautas,
500 823 568 862 ejus
593 825 703 855 tamen

334 870 453 903 Mortis
479 871 522 904 ad
550 879 684 903 examen

335 918 469 952 Praesul
499 920 554 951 dat
577 919 729 959 juvamen

289 967 358 1007 Ope
382 965 572 1009 multifaria,

288 1014 343 1048 Sic
368 1016 454 1055 quod
479 1015 547 1055 jam
571 1015 731 1054 primaria

288 1063 438 1096 Yertitur
462 1062 597 1103 angaria

337 1112 377 1144 In
403 1111 524 1143 laetum
549 1111 703 1143 solamen.

295 1205 359 1233 Fol.
382 1205 418 1233 95
449 1204 477 1234 b.

915 171 948 203 5.
987 169 1046 202 Vir
1071 178 1131 211 per
1157 169 1223 203 doli
1245 169 1389 210 ,iaculum

1048 218 1167 250 ’retinet
1189 218 1380 258 trophaeum

987 266 1073 298 Ante
1098 266 1342 299 tabernaculum

1036 314 1158 356 Sancti,
1187 314 1263 346 dum
1285 322 1346 355 per
1376 323 1447 346 eum

1035 363 1131 395 Jurat
1155 366 1188 395 et
1210 371 1271 403 per
1295 361 1410 402 Deum,

1035 410 1087 443 Ne
1112 409 1207 443 fallat
1230 410 1402 450 Judaeum,

987 458 1076 490 Ecce
1100 467 1160 499 per
1189 458 1390 501 miraculum,

989 505 1185 538 Cunctorum
1209 507 1440 546 spectaculum,

988 553 1143 586 Fractum
1168 554 1259 587 videt
1281 554 1431 587 baculum

1037 602 1270 642 Jurantemque
1294 611 1395 636 reum.

944 706 950 713 .
989 677 1165 711 Daemonis
1192 676 1325 711 fallacia

1037 727 1090 759 Ne
1118 736 1178 759 nos
1203 726 1303 759 donet
1325 734 1461 767 poenae,

990 774 1118 816 Rogent
1143 783 1215 807 cum
1241 774 1378 807 audacia

1039 823 1210 855 Nicolaum
1235 823 1331 863 plene

1040 872 1177 905 Iuvenes
1204 879 1275 902 cum
1300 879 1377 902 sene

1040 919 1145 952 Corde
1168 919 1288 951 mundo
1320 918 1413 958 bene⁷

991 966 1043 999 Ex
1067 967 1170 1008 ipsius
1195 967 1302 1007 gratia

989 1015 1069 1047 Post
1091 1015 1172 1046 haec
1195 1015 1285 1048 vitae
1309 1015 1416 1054 spatia

993 1062 1102 1095 Ducat
1126 1063 1169 1095 ad
1196 1063 1322 1103 palatia

1040 1110 1108 1144 Nos
1134 1113 1250 1151 portae
1275 1118 1439 1143 amoenae.

691 1385 735 1417 De
755 1384 932 1417 nativitate
951 1385 1084 1418 Domini.

248 1506 254 1512 .
293 1478 384 1512 Vera
408 1478 496 1510 salus
520 1476 752 1518 languentium,

340 1527 422 1568 Spes
446 1525 522 1558 novi
554 1525 789 1567 medicaminis,

292 1574 485 1609 consolator
516 1574 704 1613 dolentium,

340 1622 405 1656 Ver
429 1623 552 1655 aeterni
587 1622 765 1663 solaminis,

291 1671 339 1704 Ut
363 1671 513 1705 subleves
539 1679 594 1703 cor
619 1669 766 1703 flentium

343 1720 412 1760 Ope
437 1719 485 1751 tui
507 1719 693 1759 juvaminis,

293 1768 402 1800 Veni
460 1768 713 1808 redemptor
764 1775 861 1809 gen-

553 1818 569 1848 t
576 1815 588 1848 i
596 1825 618 1847 u
628 1825 661 1847 m
671 1841 679 1857 ,

341 1864 533 1899 Ostende
567 1867 734 1905 partum
771 1863 861 1897 vir-

554 1923 573 1954 g
582 1912 643 1945 ini
653 1923 678 1947 S.

220 2001 226 2008 ·
246 2021 253 2028 .
293 1992 433 2033 Propter
458 1993 596 2036 peccata
619 1993 767 2024 veterum

339 2042 516 2074 Parentum
539 2049 604 2073 non
628 2039 813 2080 parentium

291 2089 452 2123 Mundum
476 2088 608 2121 intrasti
632 2089 787 2121 miserum

337 2137 527 2171 Miserendo
556 2136 763 2179 gementium,

291 2190 376 2227 Quos
402 2196 422 2219 a
446 2186 558 2220 dolore
584 2186 754 2219 vulnerum

339 2236 388 2268 Tu
416 2235 551 2270 salvasti
575 2234 771 2276 nocentium,

289 2284 505 2318 Conditor
523 2285 631 2317 alme
648 2283 860 2325 siderum,

337 2335 532 2366 Aeterna
570 2334 644 2365 lux
679 2332 861 2365 creden-

550 2385 565 2414 t
572 2383 612 2414 iu
620 2391 661 2414 m.

923 1478 956 1511 3.
993 1476 1098 1509 Primi
1121 1475 1227 1516 patris
1253 1485 1312 1516 pro
1340 1476 1474 1508 crimine

1044 1524 1156 1557 Crucis
1182 1524 1297 1557 adibas
1323 1524 1467 1564 stipitem

994 1573 1083 1605 Miro
1108 1573 1243 1605 vincens
1268 1573 1444 1605 certamine

1043 1621 1256 1654 Baratrorum
1280 1621 1465 1662 satellitem,

993 1669 1081 1702 Hinc
1105 1679 1208 1709 purae
1229 1669 1347 1701 mentis
1374 1670 1517 1703 carmine

1043 1719 1158 1752 Talem
1186 1719 1354 1751 laudemus
1381 1717 1516 1750 militem

993 1767 1025 1800 A
1050 1766 1160 1799 solis
1186 1769 1306 1799 ortus
1334 1767 1517 1799 cardine

1044 1814 1108 1849 Ad
1132 1824 1266 1856 usque
1283 1817 1432 1848 terrae
1448 1814 1566 1847 limi-

1257 1866 1272 1895 t
1281 1872 1298 1896 e
1306 1872 1349 1898 m.

949 1967 956 1974 .
993 1940 1122 1974 Novum
1149 1949 1225 1973 ecee
1248 1941 1440 1973 miraculum

1043 1990 1140 2023 Mens
1174 1990 1385 2031 obstupescat
1412 1989 1566 2032 omnium,

994 2036 1139 2073 Parvum
1166 2038 1254 2080 cepit
1279 2038 1506 2079 corpusculum

1043 2087 1210 2120 Summum
1237 2096 1348 2128 regem
1380 2087 1567 2120 coelestium

995 2135 1201 2177 Deitatisque
1226 2135 1403 2177 speculum,

1043 2185 1129 2218 Nam
1152 2185 1186 2217 in
1211 2184 1340 2217 Mariae
1361 2183 1519 2225 gremium

994 2234 1220 2275 Agnoscat
1261 2241 1377 2265 omne
1414 2240 1543 2266 saecu
1559 2252 1571 2258 ι

1258 2281 1357 2322 lum,

1045 2330 1231 2365 Venisse
1280 2331 1397 2363 vitae
1441 2337 1570 2371 prae—

1258 2389 1391 2412 mmm.
