1655 2624
653 78 915 115 -145—

116 176 148 209 3.
188 174 390 208 Thesaurum
414 174 595 216 sapientiae

109 2003 141 2035 2.

189 222 319 265 Sparsit
341 224 427 256 natis
454 223 610 256 ecclesiae

236 271 452 313 Dispensator
476 270 660 312 mellifluus,

188 319 291 360 Quem
311 321 397 353 mira
418 320 624 361 plenitudine

189 368 310 402 Hausit
331 369 367 401 in
390 368 473 401 lucis
497 367 620 401 lumine

240 417 485 457 Contemplator
508 416 712 457 praecipuus.

191 522 265 557 Cibi
290 522 437 555 coelestis
465 520 605 564 dapifer,

189 570 337 603 Archani
362 570 485 603 Christi
508 570 643 610 signifer

238 618 421 651 Deliciatur
440 619 581 659 plenius,

188 666 359 700 Trinitatis
393 666 570 699 triclinium

189 714 235 748 Et
258 714 392 748 unitatis
417 714 533 747 solium

238 762 358 797 Pandit
391 770 472 803 prae
501 763 623 795 cunctis
649 762 756 796 altius.

188 868 285 902 Vires
312 869 517 902 transcendit
538 868 677 902 hominis

187 916 338 958 Loquens
366 916 407 950 de
431 917 531 950 verbo
558 917 700 960 luminis,

237 965 329 1006 Quod
355 968 426 997 erat
447 966 482 998 in
507 965 679 1006 principio,

190 1012 226 1046 Si
251 1014 409 1046 tonuisset
434 1013 542 1053 altius,

190 1061 264 1095 Non
290 1061 426 1094 haberet
449 1061 586 1093 ulterius

236 1109 359 1142 Locum
383 1109 525 1150 vagandi
549 1109 647 1142 ratio.

190 1205 257 1235 Fol.
284 1206 339 1235 158
361 1214 387 1234 a.

820 179 851 211 6.
893 176 1071 218 Coaequari
1100 176 1170 217 quis
1196 177 1315 210 audeat

890 225 986 267 Huic,
1006 234 1099 267 quem
1113 226 1170 266 sic,
1194 225 1296 258 donec
1313 227 1457 267 venerat,

940 274 1085 307 Christus
1110 282 1242 306 manere
1265 273 1378 314 voluit,

892 320 964 364 Qui,
991 322 1068 354 dum
1091 324 1229 354 matrem
1254 324 1442 366 assumeret,

890 369 1096 409 Discipulum
1120 370 1304 410 relinquere

938 418 1005 452 Hic
1027 418 1061 450 in
1086 418 1183 450 terris
1204 426 1268 450 non
1294 417 1415 450 debuit.

821 523 854 557 7.
891 522 1036 556 Fervens
1063 523 1164 556 exivit
1188 524 1304 564 oleum,

891 571 989 605 Virus
1015 571 1167 613 degustat
1189 570 1357 604 horridum

939 618 1056 651 Fuitus
1082 622 1214 652 auctore
1236 618 1324 660 fidei,

890 666 963 699 Hoc
988 668 1165 700 exstinctus
1198 668 1363 701 condoluit

892 715 976 755 Quos
999 724 1074 747 mox
1100 716 1186 748 vitae
1206 716 1349 748 restituit

939 763 1065 796 Nomen
1093 764 1276 797 invocando
1301 764 1374 798 Dei.

818 870 851 903 8.
891 870 916 902 O
942 869 1100 903 ‚Iohannis
1125 868 1283 910 amabilis,

892 917 952 957 Qui
979 926 1154 958 conregnas
1181 917 1353 962 coelicolis,

937 964 1046 999 Trahe
1069 973 1128 997 nos
1156 965 1197 998 de
1219 966 1361 1007 miseria,

891 1012 1029 1046 Nostras
1054 1021 1150 1046 voces
1174 1013 1363 1047 harmoniae

890 1060 1013 1102 Jungas
1039 1061 1187 1094 coelestis
1211 1061 1349 1103 patriae,

939 1109 1007 1143 Ubi
1030 1110 1102 1142 laus
1128 1113 1179 1142 est
1203 1112 1236 1142 et
1259 1109 1373 1151 gloria.

756 1366 815 1408 27.

577 1463 622 1495 Dc
647 1462 767 1497 sanctis
786 1462 984 1504 Virginibus.

140 1580 146 1586 .
183 1554 292 1588 Mater
317 1554 403 1596 regis
428 1555 580 1600 omnium,

234 1603 361 1645 Regina
386 1603 559 1645 coelorum,

187 1650 275 1690 Quae
299 1660 456 1684 summum
482 1652 639 1685 auxilium

232 1699 279 1732 Es
304 1698 571 1742 Christianorum,

184 1747 295 1788 Placa‚
318 1757 394 1781 rosa
416 1748 567 1790 primula,

186 1795 265 1830 Cum
293 1796 413 1830 dilecta
437 1795 558 1830 Ursule.

183 1845 390 1886 Pinnosaque
414 1847 448 1877 et
472 1844 615 1879 Cordula

232 1892 413 1927 Coelestem
438 1894 596 1935 sophiam.

180 2001 281 2035 Adsit
306 2010 378 2034 cum
405 2000 595 2035 Constantia

230 2049 353 2084 Sancta
376 2050 580 2093 Florentina,

182 2099 322 2139 verena,
354 2099 549 2141 Concordia,

230 2148 358 2189 Babila,
385 2147 550 2190 Walbina‚

182 2195 361 2238 Signindis,
392 2196 582 2241 Theumata,

179 2243 298 2279 Sechia
322 2247 355 2278 et
380 2244 548 2279 Cleumata

181 2294 354 2327 Praestent
376 2303 438 2335 per
462 2303 521 2330 sua
541 2295 660 2330 merita

229 2341 319 2376 Coeli
342 2343 526 2379 melodiam.

164 2403 186 2426 D
194 2409 207 2426 r
213 2409 246 2427 ev
253 2409 282 2426 es
293 2419 299 2430 ‚
314 2401 464 2432 Hymnarius
478 2402 670 2429 MoissiacensiS.

816 1556 849 1590 3.
887 1554 1023 1588 Praesto
1048 1554 1115 1587 sint
1140 1554 1353 1596 Scholastica,

935 1604 1056 1645 Agnes,
1087 1603 1282 1643 Katharina,

887 1652 1109 1693 Margaretha,
1136 1651 1294 1693 Barbara,

933 1700 1074 1742 Agatha,
1107 1700 1281 1740 Christina,

889 1747 1071 1793 GertrudiS,
1099 1747 1250 1788 Caecilia,

886 1797 1068 1839 Sanctaque
1094 1797 1203 1831 Odilia

886 1845 1120 1879 Demonstrent
1142 1854 1242 1887 prece
1265 1844 1382 1878 sedula

938 1893 1088 1928 Summae
1111 1895 1205 1936 pacis
1234 1894 1329 1927 viam.

814 2003 846 2036 4.
885 2001 999 2043 Lucia,
1024 2000 1187 2043 Eufemia,

935 2050 1045 2091 Tecla,
1070 2050 1262 2090 Petronilla‚

886 2099 1010 2132 Adsint
1035 2108 1106 2132 cum
1130 2099 1290 2143 Eugenia‚

934 2148 1061 2190 Prisca,
1086 2147 1268 2188 Domitilla‚

887 2196 1028 2238 Juhana,
1055 2196 1168 2238 Daria,

885 2245 1062 2287 Dorothea,
1090 2244 1237 2287 Brigida,

882 2293 1116 2337 Virginmnque
1139 2293 1244 2326 millia

932 2343 978 2376 Et
1001 2345 1151 2376 sternant
1174 2342 1313 2375 Goliam.

1224 2395 1265 2427 10
