1655 2624
728 80 771 85 ——
826 60 894 96 129
944 82 991 87 ——

833 156 891 196 10.

689 231 769 264 Item
789 232 827 264 de
848 232 879 264 S.
900 232 1049 265 Mat-tino.

190 302 222 335 1.
265 300 367 334 Laete
393 305 488 334 canat
514 303 709 344 symphonia
896 307 926 338 5.
967 305 1062 337 Alter
1086 313 1211 345 pauper
1238 303 1313 335 dum
1337 305 1474 336 intraret

260 349 386 383 Mundo
414 351 522 395 corde,
548 360 628 383 voce
655 351 718 391 dia,
966 352 1136 393 Templum
1160 351 1265 385 nudus
1290 355 1320 384 et
1346 356 1485 393 rogaret,

263 397 400 439 Sumpta
423 403 631 438 peccatorum
657 399 710 432 via
967 400 1014 433 Ut
1038 400 1101 433 sibi
1127 401 1300 441 quidquam
1329 401 1463 433 donaret

309 445 400 487 Lyra
424 450 517 479 sonet
541 448 679 481 mellica.
1013 448 1152 481 Martini
1176 448 1368 490 benignitas.

260 495 389 528 Novum
417 497 546 528 cantum
573 495 629 527 det
652 503 743 527 mens
769 496 824 535 pia
965 497 1085 529 Adhuc
1111 498 1285 529 commotus
1310 498 1457 539 apparet,

260 544 300 577 In
325 543 387 575 hoc
411 551 504 575 sacro
531 542 625 583 festo,
653 543 728 584 quia
967 544 1117 583 Quamvis
1143 544 1229 576 omni
1251 547 1341 576 veste
1368 547 1466 584 caret,

259 591 477 625 Transvectus
502 592 537 624 in
557 591 750 624 hierarchia.
964 592 1004 624 In
1029 593 1099 625 sola
1121 601 1187 624 non
1211 595 1319 624 tamen
1345 594 1413 624 aret

309 639 472 673 Martinus
497 643 547 672 est
572 640 704 673 coelica.
1012 640 1094 681 Ejus
1121 640 1222 673 dandi
1247 640 1397 681 dignitas

187 696 220 730 2.
260 697 368 731 Hodie
393 700 523 730 sanctus
548 696 711 730 Martinus
894 700 925 732 6.
965 698 1049 738 Quid
1069 697 1137 738 agit
1160 697 1292 738 lmesul
1317 698 1463 729 electus?

261 745 418 780 Coelestis
440 745 576 779 intravit
602 746 701 785 sinus,
964 746 1036 778 Hac
1060 748 1160 786 veste,
1196 754 1259 787 qua
1283 744 1345 777 fuit
1370 747 1483 785 tectus,

260 793 313 827 Ab
338 794 402 827 hoc
426 795 546 828 mundo
572 795 692 827 mundo
715 794 831 834 minus,
964 794 1154 827 Denudavit
1179 802 1271 826 suum
1296 795 1409 834 pectus

309 842 375 875 Sed
400 843 566 876 immundo
596 843 715 883 potiuS,
1012 842 1109 875 Nudo
1135 842 1215 874 dans
1241 842 1326 873 hanc
1349 842 1480 874 homini.

261 890 415 925 Caritatis
441 899 536 931 quem
562 890 705 922 caminus
963 891 1065 923 Laete
1089 899 1215 931 pauper
1241 893 1289 921 est
1315 887 1491 930 profectus,

260 938 358 971 Texit
383 942 414 971 et
438 948 528 971 amor
555 938 693 978 divinus,
962 938 1007 971 Et
1019 938 1150 979 praesul
1163 939 1345 978 plusquam
1357 936 1535 978 perfectus,

260 986 380 1020 Factus
407 990 457 1019 est
480 987 550 1020 Deo
577 987 701 1019 vicinus
960 987 1085 1019 Mansit
1108 986 1213 1018 nudus
1239 986 1298 1018 sed
1324 989 1449 1018 erectus

306 1035 352 1067 Et
376 1038 561 1068 sanctorum
587 1035 701 1067 socius.
1011 1035 1065 1067 Ad
1089 1036 1266 1076 praecepta
1293 1033 1424 1066 domini.

186 1094 218 1125 53,
257 1093 341 1125 Erat
366 1101 492 1134 gemma
516 1091 733 1132 sacerdotum,
893 1094 922 1125 7.
963 1093 1072 1124 Vestis
1096 1092 1126 1123 ei
1153 1090 1192 1124 fit
1216 1093 1346 1132 portata

255 1140 389 1174 Habens
424 1149 553 1181 semper
586 1149 642 1172 cor
668 1141 829 1180 devotum,
962 1140 1089 1181 Brevis,
1115 1148 1176 1171 nec
1200 1141 1278 1181 apta
1302 1148 1362 1171 nec
1386 1139 1464 1181 lata,

256 1190 388 1230 Purum,
413 1190 571 1222 mundum
593 1192 626 1220 et
651 1191 809 1220 remotum
964 1188 1109 1220 Nimium
1133 1188 1326 1220 abbreviata

305 1239 336 1270 A
360 1238 489 1278 peccati
522 1237 685 1278 sentibus3
1011 1237 1050 1270 In
1072 1238 1210 1277 utraque
1234 1236 1372 1276 manica,

256 1286 347 1319 Nihil
371 1286 450 1319 mali
475 1286 539 1318 sibi
563 1289 684 1325 notum,
962 1284 1027 1317 Sed
1054 1293 1164 1317 earum
1189 1286 1372 1316 restaurata

256 1335 363 1368 Dator
384 1336 506 1375 largus,
533 1333 625 1366 fusor
651 1334 771 1373 dotum,
960 1333 1111 1365 Brevitas
1133 1341 1195 1364 nec
1220 1334 1425 1373 augmentata

255 1382 420 1424 Quidquid
446 1383 598 1424 habebat,
623 1382 686 1414 hoc
710 1383 812 1413 totum
961 1381 998 1412 In
1026 1380 1155 1414 defectu
1180 1383 1334 1421 reparata

303 1431 436 1464 Tribuit
461 1430 638 1472 egentibus.
1008 1429 1078 1469 Ope
1101 1427 1140 1460 fit
1164 1428 1307 1461 uranica.

182 1492 215 1524 4.
256 1489 373 1524 Clauso
399 1489 556 1522 residenti
582 1497 667 1529 pone
888 1489 921 1522 8.
960 1487 1019 1519 Pie
1042 1487 1175 1527 praesul
1200 1489 1233 1519 et
1258 1486 1413 1526 modeste,

255 1539 372 1572 Portas
398 1546 457 1578 pro
483 1537 642 1578 petitione
961 1536 1022 1574 Qui
1046 1535 1182 1568 vestitus
1212 1543 1298 1568 nunc
1323 1534 1459 1567 honeste

252 1585 390 1619 Martini
415 1585 545 1618 virtutis
570 1585 675 1617 bonae
959 1583 1007 1617 Es
1029 1583 1242 1624 jucunditatis
1268 1585 1359 1615 veste

304 1634 456 1677 Largitas
483 1634 647 1676 apparuit,
1009 1632 1183 1674 Nunquam
1208 1630 1424 1664 transitoriae

255 1683 316 1717 Pia
339 1683 548 1716 miseratione
961 1680 1030 1713 Nos
1056 1680 1220 1713 scholares
1244 1680 1414 1712 laudantes
1439 1681 1471 1710 te

256 1732 441 1766 condolens
465 1731 524 1763 ille
547 1738 708 1772 personae
962 1729 1142 1762 Gonserves
1168 1729 1208 1761 ab
1234 1728 1321 1760 omni
1343 1730 1445 1770 peste,

256 1782 388 1813 Vestem
414 1779 512 1813 scidit
538 1789 609 1812 cum
634 1787 788 1812 mucrone
962 1777 1028 1810 Sed
1052 1777 1214 1818 perducas
1240 1777 1282 1809 ad
1310 1775 1448 1809 coeleste

305 1828 386 1868 Quia
411 1829 549 1861 nummis
576 1828 689 1861 caruit.
1012 1825 1115 1859 Jubar
1140 1835 1237 1859 verae
1260 1826 1393 1868 gloriae.

261 1896 325 1925 Fol.
347 1896 384 1924 92
406 1896 433 1923 h.
456 1911 493 1915 —
515 1896 541 1929 4,
564 1894 580 1922 3
602 1894 732 1922 Man-tine
751 1894 806 1922 Hs.

694 2057 739 2089 De
764 2056 795 2089 S.
816 2055 1010 2089 Katharina.

183 2133 215 2166 1.
255 2132 441 2168 Katharina
466 2132 569 2174 virgo,
596 2139 679 2163 vena
963 2127 1051 2167 Quae
1075 2136 1135 2169 pro
1160 2126 1228 2160 filio
1253 2126 1381 2159 Mariae

256 2181 432 2221 Virtutum,
460 2181 558 2216 laude
583 2188 699 2212 serena
964 2175 1118 2210 Cruorem
1143 2174 1259 2208 fudisti
1283 2175 1348 2216 pie,

305 2230 450 2272 Flosqne
476 2228 623 2264 caritatis
651 2228 734 2268 diae,
1011 2226 1163 2260 Cruciata
1187 2224 1278 2265 gravi
1304 2231 1418 2265 poena,

257 2280 306 2312 Te
331 2288 404 2315 cum
427 2287 514 2312 nova
539 2277 703 2312 cantilena
961 2273 1033 2307 Neo
1056 2277 1091 2306 te
1114 2274 1349 2306 tormentorum
1373 2270 1447 2302 viae

257 2329 362 2363 Sonus
389 2327 503 2369 dulcis,
531 2335 594 2360 vox
620 2333 764 2368 amoena,
962 2322 1173 2363 Terruerunt,
1200 2330 1276 2354 nam
1300 2319 1435 2361 sophiae

305 2376 435 2414 Laudet
459 2377 493 2409 in
518 2377 581 2411 hac
606 2384 700 2411 sacra
727 2374 790 2407 die.
1009 2369 1153 2406 Divinae
1181 2369 1271 2403 fuisti
1295 2370 1403 2411 plena.

242 2438 263 2461 D
271 2446 283 2461 r
289 2444 323 2462 ev
329 2447 341 2459 υ
348 2447 360 2462 1
369 2459 375 2465 .
389 2438 536 2467 Hymnarius
554 2434 745 2462 Moizniaconsis.
1335 2425 1353 2453 9
