1655 2624
716 67 955 103 —-4].-·—·

171 166 202 198 7.
241 164 282 198 In
305 164 420 205 quibus
438 165 510 205 ipse
528 166 582 199 via
598 165 662 197 rite
680 167 806 199 clarens
873 168 905 201 8,
945 165 1058 198 Gloria
1080 165 1167 207 patri
1193 173 1376 197 resonemus
1394 172 1506 197 omnes

241 213 379 246 Actibus
412 214 534 246 sanctis
569 213 664 247 docet
687 222 805 247 ammo·
942 213 989 245 Et
999 214 1070 254 tibi,
1086 213 1223 256 Christe,
1238 213 1504 255 genitesuperne‚

503 261 624 304 nendo,
942 262 1023 295 Cum
1047 261 1163 303 quibus
1193 261 1312 294 sanctis
1342 261 1437 293 simul
1462 262 1506 301 et,

245 308 300 341 Sic
311 308 374 341 Dei
388 310 480 350 jussu
496 310 581 342 liber
597 319 617 341 a
632 309 806 350 pandendo
1200 311 1327 341 creator

340 358 454 390 Mente
474 358 615 390 subesse.
1039 357 1189 398 Spiritus,
1216 366 1325 397 regna.

248 422 314 451 Fol.
338 424 354 452 9
375 424 404 452 b.
426 438 463 442 —
485 423 511 457 3,
530 424 546 451 2
566 424 642 451 mire
660 423 716 451 Hs.
737 436 774 442 —
795 424 821 457 4,
844 422 862 450 2
882 422 1008 451 mallens
1029 423 1084 451 Hs.

613 573 752 612 Hymnus
771 573 806 604 in
827 573 1076 615 septuagesima.

198 668 206 675 .
244 642 400 687 Alleluja‚
428 643 523 675 dulce
549 652 688 685 carmen,
875 647 907 679 3.
945 645 1090 684 Alleluja
1114 652 1178 675 non
1204 652 1364 676 meremur

293 700 357 725 vox
381 691 533 732 perennis
560 691 683 734 gaudii,
992 701 1078 724 nunc
1101 699 1245 732 perenne
1269 693 1419 732 psallere,

243 738 401 781 AlleluJa,
427 739 498 772 laus
523 739 631 772 suavis
945 740 1089 780 Alleluja
1112 748 1171 771 nos
1196 742 1304 773 reatus

294 791 344 819 est
365 787 470 821 choris
498 787 700 828 coelestibus,
994 789 1080 829 cogit
1101 787 1336 828 intermittere3

246 834 338 874 Quod
366 838 483 868 canunt
511 836 564 869 dei
588 839 754 868 manentes
945 836 1087 876 Tempus
1111 835 1222 877 instat,
1249 845 1310 877 quo
1335 838 1468 876 peracta

292 883 327 915 in
353 884 446 916 domo
471 893 531 923 per
556 884 694 917 saecula.
992 884 1158 924 lugeamus
1185 884 1328 917 crimina.

198 965 206 973 .
245 941 402 982 Alleluja,
428 941 516 974 laeta
538 943 642 974 mater
872 943 906 975 4.
944 941 1042 974 Unde
1067 941 1231 981 supplices
1254 950 1427 982 precamur

296 989 438 1021 concinis
464 988 654 1029 Jerusalem,
994 991 1037 1028 te,
1064 989 1162 1020 beata
1185 989 1325 1031 trinitas,

245 1037 401 1077 AlleluJ'a‚
428 1045 491 1068 vox
515 1039 644 1069 tuorum
946 1036 993 1069 Ut
1017 1037 1104 1068 sinas
1128 1037 1221 1069 nobis
1248 1037 1362 1069 audire

294 1085 410 1117 civium
436 1084 654 1125 gaudentium,
993 1084 1147 1124 paschale
1172 1084 1370 1125 mysterium,

243 1132 385 1166 Exsules
410 1141 469 1165 nos
494 1131 574 1164 flere
599 1136 717 1173 cogunt
947 1132 1039 1171 Quod
1064 1137 1183 1165 canunt
1209 1133 1262 1165 dei
1285 1136 1451 1166 manentes

293 1180 471 1221 Babylonis
495 1179 637 1213 flumina.
990 1180 1026 1212 in
1052 1181 1145 1213 domo
1170 1190 1230 1221 per
1255 1182 1394 1216 saecula.

250 1247 314 1275 Fol.
338 1248 374 1276 10
397 1255 424 1275 a.
446 1261 486 1265 —
504 1247 583 1275 Dan.
603 1247 629 1274 I.
654 1246 720 1275 261.
744 1262 781 1267 -—
803 1246 827 1281 1,
849 1246 866 1274 2
887 1246 1000 1283 gaudia
1020 1247 1076 1274 Hs.

639 1398 676 1429 In
696 1396 863 1430 matutinis
882 1396 1044 1429 laudibus.

200 1494 208 1503 .
247 1469 394 1510 Alleluja
449 1468 529 1549 piisb
566 1468 654 1501 edite
706 1469 813 1502 laudi-
879 1471 910 1503 5.
947 1469 1078 1501 Almum
1111 1468 1259 1549 sideresite
1287 1469 1355 1509 jam
1386 1469 1514 1510 patriae

531 1527 579 1562 us,
1237 1526 1311 1551 ecus

249 1565 342 1598 Cives
385 1565 539 1606 aetherei,
585 1566 717 1606 psallite
756 1574 813 1597 na·
949 1565 1098 1598 Victores
1117 1565 1243 1608 capitis,
1264 1574 1325 1605 quo
1344 1574 1441 1599 canor
1461 1568 1510 1598 est

512 1614 597 1646 viter
1209 1614 1294 1655 jugis

346 1661 493 1702 Alleluja
516 1670 668 1702 perenne.
1044 1661 1191 1702 Alleluja
1215 1670 1367 1703 perenne,

200 1746 207 1753 .
245 1719 334 1753 Hinc
358 1729 416 1752 vos
442 1719 595 1759 perpetui
612 1719 741 1752 luminis
760 1727 813 1751 ac-
878 1722 909 1754 6.
949 1719 1117 1762 lllicregis
1126 1719 1513 1761 honorvocibusinclytis

511 1769 597 1800 colas
948 1767 1132 1801 :Iucundum
1149 1768 1264 1801 reboat
1282 1769 1424 1801 carmine
1435 1778 1511 1809 per-

248 1816 428 1849 Assumens
451 1817 605 1849 resonant
622 1814 814 1856 hymniferis
1211 1816 1313 1858 petim

513 1864 618 1897 choris
1046 1864 1192 1905 Alleluja
1214 1873 1366 1906 perenne.

343 1912 491 1953 Alleluja
514 1920 667 1953 perenne·
878 1924 908 1956 7.
945 1922 1019 1955 Hoc
1035 1921 1129 1955 fessis
1148 1924 1285 1966 requies,
1303 1923 1365 1956 hoc
1379 1924 1469 1957 cibus
1484 1926 1516 1956 et

204 2000 210 2006 .
250 1970 317 2004 Vos
365 1971 443 2004 urbs
495 1971 613 2003 eximia
661 1969 817 2011 suscipiet
1213 1975 1319 2013 potus,

513 2019 586 2058 Dei,
951 2019 1123 2053 Oblectans
1162 2021 1299 2053 reduces
1344 2021 1515 2054 haustibus

248 2067 337 2108 Quae
365 2068 459 2101 laetis
485 2076 641 2102 resonans
668 2066 814 2101 cantibus
1214 2070 1351 2102 affluens

512 2117 634 2149 excitat
1045 2117 1191 2158 Alleluja
1214 2127 1368 2159 perenne.

346 2165 492 2205 Alleluja
515 2174 669 2206 ΡΘΓΘΠΠΘ-
881 2176 913 2209 8.
952 2174 1020 2207 Nos
1058 2178 1093 2208 te
1125 2176 1316 2218 suavisoniS,
1357 2177 1515 2218 conditor,

203 2250 210 2257 .
248 2221 355 2255 Felici
381 2223 470 2257 edite
492 2225 613 2265 gaudia
635 2225 752 2257 sumite
1214 2225 1336 2258 affatim

249 2272 439 2306 Reddentes
485 2272 614 2306 domino
651 2273 814 2314 glorificos
950 2271 1073 2304 Rerum
1119 2274 1315 2306 carminibus
1355 2274 1517 2315 laudeque

512 2322 624 2362 meme,
1213 2322 1383 2364 pangimus

345 2369 491 2410 Alleluja
514 2379 668 2411 perenne.
1048 2370 1194 2412 Alleluja
1217 2380 1371 2413 perenne.
