1655 2624
678 55 914 90 —52-

142 159 176 192 5.
201 157 273 189 Vox
289 164 425 196 namque
443 154 545 195 verbi,
564 162 626 186 vox
639 152 764 193 sapien-

469 203 535 234 tiae
560 204 618 242 est,

192 250 471 293 Majorprophetis
480 253 511 282 et
518 249 622 282 minor
629 248 763 289 angelis,

198 300 257 340 Qui
278 298 485 340 praeparavit
507 296 606 330 corda
621 296 766 329 fidelium

197 348 381 388 Stravitque
398 348 503 378 rectas
521 345 667 386 justitiae
683 344 763 376 vias·

137 418 169 450 6.
195 416 348 448 Assertor
373 413 467 454 aequi
494 421 558 445 non
591 420 652 452 ope
677 410 767 452 regia

194 463 263 495 Neo
282 463 386 494 morte
409 462 490 494 dura
510 461 633 501 liquere
654 459 764 492 trami-

833 153 864 184 7.
904 150 959 184 Sic
984 150 1036 182 ira
1057 149 1144 190 regis
1168 153 1330 188 saevaque
1350 144 1466 178 funera

905 197 1093 232 Saltationis
1118 204 1251 229 munere
1275 193 1412 227 vendita

904 246 1036 280 Mensas
1078 244 1211 286 tyranni
1253 246 1286 275 et
1328 241 1465 282 virginis

1167 291 1279 324 ebriae

900 342 997 375 Luxu
1014 340 1155 381 replevit
1173 339 1328 380 sanguine
1345 337 1463 371 sobrio.

831 411 862 445 8.
901 411 993 443 Haeo
1004 409 1138 442 vitricus
1153 408 1210 440 dat
1225 405 1467 444 dona—vesanior

903 460 1004 498 Quam
1017 457 1045 489 si
1057 456 1174 489 veneni
1182 455 1300 497 pocula
1308 454 1464 487 traderet.

467 511 532 541 tem
902 507 1030 547 Negare
1044 507 1190 545 praestat
1208 512 1305 545 quam
1323 502 1402 534 dare
1417 501 1465 533 vi-

196 557 275 591 Veri
292 560 430 598 coaetus,
451 557 613 597 nonlicet,
633 555 687 599 ait,
706 555 767 587 tibi
1165 553 1259 585 trieO.

197 605 339 639 Uxorem
375 605 494 638 habere
530 604 641 637 fratris
673 603 766 637 adul·
907 601 1023 635 Odisse
1039 603 1195 641 praestat,
1216 599 1289 641 plus
1307 601 1401 631 nocet
1415 597 1467 631 hic

466 655 578 685 teram.
1071 658 1171 682 amor.

398 721 428 753 9.
467 718 516 751 S1t
541 718 678 751 trinitati
702 717 807 759 gloria
832 717 957 756 unicae,

467 768 590 806 Virtus,
615 768 770 807 potestas,
797 774 926 797 summa
950 764 1105 804 potentia,

467 814 624 857 Regnum,
649 815 804 854 potestas,
832 821 915 854 quae
941 812 1029 844 Deus
1054 822 1136 844 unus
1166 815 1212 844 est

466 863 530 895 Per
556 866 672 894 cuneta
695 870 824 901 semper
849 860 982 893 saecula
1008 858 1170 902 [saeculi]

214 928 278 956 Fol.
302 926 335 956 19
357 928 387 955 b.
411 929 467 955 mit
485 928 554 956 Mel.
576 943 614 947 —-
634 927 711 956 Dan.
732 929 756 956 1.
780 928 852 961 10ος
873 927 964 954 Mone
987 926 1050 955 647.
1073 941 1111 945 ——
1134 927 1157 960 1,
1174 926 1190 953 3
1215 927 1334 954 nescius
1355 926 1411 954 Hs.
1433 939 1471 943 —

141 968 166 1002 1,
190 968 209 995 4
231 967 332 996 Oritur
351 966 408 994 Hs.
430 980 468 986 —-
490 967 516 1000 2,
539 968 555 995 3
579 966 702 995 Gestare
725 966 781 995 Hs.
801 980 842 985 —-
861 965 887 999 2,
910 968 929 993 4
955 965 1088 993 claustra
1107 964 1246 1001 pudurisl
1268 964 1324 992 Hs.
1343 978 1383 983 —-
1405 964 1430 999 3,
1453 963 1470 991 2

139 1005 272 1043 parvulis
291 1006 343 1033 Hs.
366 1020 406 1025 --
426 1006 452 1039 4,
476 1005 489 1032 1
511 1013 598 1033 voees
622 1008 657 1033 ut
677 1007 787 1041 augeat
805 1006 906 1032 nostre
927 1011 1035 1032 canore
1052 1004 1106 1031 Hs.
1120 1019 1157 1024 -—
1173 1005 1198 1039 7,
1216 1006 1226 1032 1
1244 1002 1348 1031 funere
1361 1003 1416 1031 Hs.
1433 1018 1473 1023 —

139 1046 165 1079 7,
188 1044 203 1071 3
224 1052 328 1071 mensa
346 1042 402 1071 Hs.
423 1057 460 1062 —
482 1044 507 1077 8,
532 1047 540 1072 1
567 1046 707 1072 metricus
727 1043 782 1071 Hs.
805 1058 842 1062 —
865 1044 890 1077 ὃ,
906 1043 923 1070 2
938 1043 1045 1079 poculo
1060 1042 1177 1071 trahere
1191 1043 1246 1071 Ha.
1262 1057 1300 1061 —
1322 1045 1347 1076 9,
1364 1041 1380 1069 3
1395 1042 1472 1077 Reg-

140 1090 211 1110 num
231 1084 359 1110 retent-as
381 1082 436 1109 Hs,

772 1165 831 1205 55.

735 1241 858 1274 Alius.

143 1313 178 1347 1.
218 1312 415 1344 Praecursor
440 1312 498 1344 alti
522 1312 651 1345 luminis

214 1360 258 1392 Et
282 1368 400 1399 praeeo
424 1360 518 1392 verbi
540 1360 694 1402 nascitur,

213 1407 360 1452 Laetare,
388 1416 442 1440 eor
465 1407 619 1451 fidelium,

212 1455 397 1497 Lucemque
421 1456 565 1496 gaudens
590 1457 712 1496 accipe.

143 1533 175 1566 2.
213 1532 361 1565 Miranda
392 1533 481 1573 cujus
506 1533 626 1565 saeculi

214 1579 375 1613 Nativitas
400 1589 460 1621 per
480 1581 627 1621 angelum

213 1629 359 1661 Intonuit
380 1629 568 1668 parentibus

214 1677 274 1709 Pia
297 1675 363 1709 fide
384 1677 453 1717 jam
474 1677 642 1717 praeditis.

147 1754 178 1786 3.
218 1751 363 1785 Sublime
389 1754 439 1785 cui
464 1754 655 1786 vocabulum

216 1800 379 1833 Johannes
404 1802 474 1842 ipse
500 1801 633 1834 Gabriel

219 1848 361 1890 imponit
386 1852 417 1881 et
443 1850 622 1882 clarissima

217 1896 323 1937 Ipsius
348 1900 421 1930 acta
444 1898 613 1939 praecinit.

145 1976 177 2009 4,
218 1974 278 2013 Qui
301 1974 413 2007 matris
439 1974 546 2008 adhue
569 1976 723 2015 parvulus

218 2021 322 2053 Vulva
346 2024 490 2055 retentus
515 2024 633 2064 spiritu

219 2070 369 2110 Percepit
394 2070 495 2103 almus
521 2072 669 2113 gratiam,

217 2118 325 2151 Festis
350 2117 477 2151 futurus
502 2119 633 2160 gloriae.

147 2197 180 2231 5,
217 2195 287 2227 Nee
313 2195 452 2236 dumque
468 2198 562 2229 natus
576 2196 645 2236 jam
664 2197 756 2231 dedit

219 2243 269 2275 De
291 2243 365 2275 luce
389 2245 615 2285 testimonium;

220 2291 311 2330 Quod
335 2294 430 2324 natus
456 2293 642 2326 admirabili

221 2339 402 2381 complevit
425 2340 496 2382 ipse
520 2341 633 2382 gloria.

862 1314 892 1346 6.
909 1313 963 1346 Sic
987 1312 1144 1352 plurimos
1171 1321 1210 1345 ex
1234 1313 1339 1346 Israel

910 1361 1034 1394 Christi
1052 1358 1131 1393 fidei
1156 1361 1314 1402 subdidit,

906 1409 952 1441 Et
978 1408 1077 1441 corda
1099 1413 1228 1449 patrum
1254 1409 1287 1441 in
1313 1409 1390 1442 filiis

908 1456 1038 1489 Doeens
1063 1466 1206 1497 superna
1228 1458 1407 1490 transtulit.

863 1535 945 1567 7.1n
970 1533 1064 1566 Eliae
1090 1535 1144 1574 qui
1170 1534 1287 1574 spiritu

912 1581 1008 1614 Venit
1032 1582 1204 1623 propheta,
1231 1583 1379 1616 semitam

911 1631 1033 1663 Parare
1059 1630 1199 1671 Christo,
1227 1639 1266 1663 ac
1289 1631 1440 1672 plebibus

911 1678 978 1710 Iter
1004 1678 1118 1711 salutis
1143 1679 1299 1720 pandere.

866 1755 897 1789 8.
915 1755 982 1795 Quo
1009 1754 1204 1790 feminarum
1230 1758 1263 1790 in
1288 1755 1365 1790 filiis

914 1804 1081 1844 Propheta
1104 1805 1209 1845 major
1233 1805 1342 1838 nullus
1369 1809 1427 1848 est,

913 1852 997 1892 Quin
1017 1853 1089 1893 ipse
1112 1853 1204 1886 miris
1227 1854 1354 1888 actibus

912 1901 990 1934 Plus
1017 1909 1112 1942 quam
1136 1902 1301 1943 propheta
1325 1902 1454 1936 elamit.

867 1978 899 2012 9.
913 1978 1083 2017 Baptisma
1106 1979 1326 2019 poenitentiae

915 2026 978 2066 Qui
1000 2026 1215 2066 praedicabat
1239 2036 1278 2060 ao
1304 2028 1407 2071 dedit,

916 2074 1107 2115 Turbasque
1132 2075 1153 2108 J
1155 2083 1211 2107 esu
1236 2077 1362 2117 gratiae

915 2122 1149 2156 illuminandas
1175 2123 1304 2159 obtulit..

844 2198 901 2232 10.
916 2199 1027 2239 Ipsum
1052 2198 1174 2239 ι16511111,
1202 2202 1256 2242 qui
1280 2203 1389 2237 omnia

917 2246 1034 2279 Sancto
1054 2247 1168 2281 lavans
1193 2249 1226 2281 in
1252 2251 1371 2290 spiritu

915 2294 1091 2336 Emundat,
1117 2297 1151 2329 in
1170 2296 1355 2333 Jordanicis

915 2343 1027 2375 Tinxit
1052 2341 1181 2378 fluentis
1207 2347 1355 2388 gurgitis.
