1655 2624
636 61 873 97 -7gffl

104 166 135 198 9.
165 163 331 197 Credimus
350 162 512 196 Christum
526 160 666 201 pretium
677 160 726 192 la-
787 158 842 193 10.
858 157 973 190 Gloria
992 156 1122 190 Christo
1147 155 1260 198 patulo
1278 163 1429 187 canamus

425 209 539 242 borum
858 206 922 239 Ore
952 205 1133 246 praestanti
1164 204 1233 237 sive
1262 202 1427 243 servienti,

160 259 341 293 Praemium
351 258 448 299 justis
458 256 574 290 studiis
586 255 726 296 dedisse,
856 254 964 287 Tanta
990 254 1045 294 qui
1069 253 1173 293 pollet
1197 251 1319 284 deitate
1351 252 1427 284 sim-

160 308 192 340 A
225 306 338 349 quibus
368 309 457 338 artus
481 304 577 337 etiam
601 303 725 336 solutus
1115 302 1194 342 plex

275 354 384 386 Morte
407 353 524 385 bearis,
956 350 1075 382 Trinus
1101 352 1135 381 et
1156 357 1248 382 unuS.

164 420 229 448 Pol.
241 420 276 448 47
290 428 317 447 a.
336 434 374 438 —
392 418 483 446 Mene
494 417 565 450 9613
586 430 625 436 -ν-
642 417 756 445 Missae
765 415 911 444 Gothicae
928 418 959 444 et
971 414 1072 443 Officii
1083 414 1273 443 Muzarabici
1292 413 1427 441 dilucida

89 459 245 495 expositio.
280 458 379 486 Toleti
403 458 484 485 1875.
507 465 534 492 p.
559 456 622 484 145.
644 464 687 492 sq.

709 536 790 578 103.

497 615 532 648 In
551 614 656 647 natali
675 613 839 654 virginum
858 614 1003 654 hymnus.

90 691 120 722 1.
148 688 291 730 Virginis
300 688 408 728 proles
419 686 722 728 opifexquematris,
783 687 814 719 3.
840 684 938 718 Unde
971 694 1032 717 nec
1064 689 1200 718 mortem
1234 694 1295 718 nec
1318 685 1427 718 amica

147 737 245 777 Virgo
283 744 375 776 quem
408 736 509 775 gessit
532 734 724 775 peperitque
1114 733 1228 766 mortis

418 783 520 824 virgo,
841 780 945 814 Saeva
970 790 1146 821 poenarum
1180 790 1301 823 genera
1323 790 1422 821 pave-

147 832 289 873 Virginis
320 830 438 863 festum
462 830 620 873 canimus,
656 833 722 863 tro·
1114 839 1217 872 scens,

418 879 566 918 phanaum,
842 875 1007 918 Sanguine
1032 876 1103 910 fuso
1128 878 1247 911 meruit
1272 879 1401 910 secreta

258 927 382 968 Accipe
408 929 526 959 votum.
958 924 1124 958 Scandere
1149 926 1239 959 coeli.

93 991 120 1021 ζ.
146 984 238 1018 Haec
260 988 318 1017 tua
341 984 432 1024 virgo
460 983 581 1024 duplici
604 984 702 1016 beata
783 984 815 1015 4.
841 982 948 1023 Hujus
995 982 1146 1024 obtentu,
1196 983 1286 1016 Deus
1326 984 1424 1024 alme,

146 1033 240 1065 Sorte
266 1032 341 1065 dum
364 1031 470 1074 gestit,
500 1029 649 1072 fragilem
667 1032 722 1064 do-
1113 1032 1235 1064 nostris

411 1088 501 1111 mare
840 1076 944 1110 Parce
953 1078 1021 1118 jam
1036 1079 1139 1119 culpis
1153 1079 1234 1112 vitia
1241 1079 1424 1120 remittens,

149 1127 299 1168 Corporis
324 1136 444 1169 sexum,
473 1127 594 1159 domuit
610 1134 723 1158 cruen-
844 1125 911 1165 Quo
937 1125 998 1158 tibi
1021 1135 1138 1166 purum
1162 1135 1348 1160 resonemus
1374 1129 1424 1160 al*

418 1177 485 1206 tum
1113 1184 1200 1207 mum

249 1223 391 1263 Corpore
415 1223 566 1255 saeclum.
934 1223 1073 1256 Pectore
1096 1223 1260 1263 hymnum.

407 1282 438 1312 5.
467 1279 580 1312 Gloria
602 1279 690 1319 patri
711 1279 882 1320 genitoque
905 1279 992 1320 proli

462 1328 507 1360 Et
531 1327 603 1371 tibi,
632 1335 762 1367 compar
785 1328 953 1368 utriusque
978 1336 1108 1369 semper

462 1375 602 1415 Spiritus
628 1374 720 1418 alme,
747 1374 836 1407 Deus
860 1384 942 1408 unus
968 1377 1055 1408 omni

605 1422 765 1463 Tempore
789 1423 898 1456 saecli.

167 1488 229 1516 fol.
250 1490 287 1518 48
309 1496 334 1516 a.
356 1503 393 1507 —
414 1488 491 1515 Dan.
512 1488 536 1515 Ι.
558 1488 623 1516 250.
644 1503 677 1506 -
703 1489 729 1524 2,
752 1488 768 1515 2
789 1489 884 1524 gessit
902 1489 957 1517 Hs.
978 1503 1018 1507 —
1037 1490 1063 1524 2,
1085 1490 1103 1517 4
1125 1489 1217 1518 saecli
1237 1490 1293 1518 Hs.

714 1572 795 1612 104.

623 1648 713 1681 Alius·
733 1648 880 1688 hymnus.

91 1721 120 1752 1.
160 1718 248 1760 Jesu,
276 1728 395 1752 corona
418 1720 588 1760 virginum,
785 1721 816 1754 3.
853 1720 1049 1761 Quocunque
1073 1722 1193 1763 pergis,
1216 1721 1358 1763 virgines

160 1769 260 1806 Quem
286 1771 391 1799 mater
414 1767 475 1799 illa
499 1769 656 1809 concepit.
855 1767 1037 1809 Sequuntur
1062 1772 1160 1810 atque
1182 1770 1336 1803 laudibus

161 1815 248 1854 Quae
271 1816 341 1848 sola
364 1816 454 1856 virgo
480 1817 629 1856 parturit,
855 1814 936 1848 Post.
958 1822 991 1850 te
1018 1821 1168 1850 canentes
1195 1819 1352 1851 cursitant

160 1864 250 1897 Haec
272 1866 348 1896 vota
373 1865 512 1896 clemens
537 1865 659 1905 accipe.
853 1865 1064 1906 Hymnosque
1091 1866 1200 1899 dulces
1222 1870 1414 1907 personant.

90 1922 120 1953 2.
160 1921 220 1960 Qui
244 1921 350 1962 pascis
374 1922 460 1953 inter
483 1921 554 1954 lilia
784 1922 815 1953 4.
854 1922 902 1954 Te
928 1923 1140 1964 deprecamur
1164 1925 1297 1966 largius,

160 1969 277 2009 Septus
309 1969 432 2001 choreis
457 1970 627 2012 virginum,
854 1970 983 2004 Nostris
1008 1972 1132 2012 adauge
1156 1972 1304 2005 sensibus

161 2017 302 2057 Sponsas
329 2017 462 2050 decoras
487 2018 590 2058 gloria
856 2018 992 2052 Nescire
1016 2029 1150 2059 prorsus
1179 2021 1288 2053 omnia

161 2065 357 2105 Sponsisque
384 2065 496 2098 reddis
520 2066 674 2105 praemia.
857 2065 1079 2108 Gor-ruptionis
1108 2069 1251 2101 vulnera.

493 2126 524 2157 5.
561 2124 708 2165 Praesta,
734 2126 829 2165 pater
852 2124 1008 2166 piissime.

164 2189 230 2218 Fol.
254 2190 291 2218 45
311 2190 341 2217 b.
362 2204 401 2208 —
420 2189 498 2217 Dan.
518 2189 542 2219 1.
568 2191 630 2218 112.
