1655 2624
168 163 223 196 11.
239 163 285 196 Et
308 163 474 204 baptizato
497 165 644 206 protinus

238 212 366 251 Aperta
389 213 475 246 vidit
497 213 639 254 aethera,

239 259 343 292 Nobis
368 270 425 294 suo
450 261 646 302 baptismate

241 308 361 341 Pandit
385 309 454 350 poli
479 311 534 350 qui
558 310 690 350 regiam.

169 366 224 399 12.
238 366 348 406 Atque
371 367 406 399 in
432 367 580 400 columba
604 367 756 408 spiritum

240 413 339 447 Illum
363 424 461 456 super
487 416 684 448 descendere

240 461 341 502 Vidit,
368 463 423 503 qui
450 463 517 495 doli
540 464 667 496 nescius

238 509 368 543 Mentes
392 511 528 550 requirit
553 512 728 551 simplices.

169 568 224 601 13.
238 567 377 600 Audivit
402 570 435 600 et
459 577 570 600 vocem
594 570 717 608 patris:

237 614 385 647 Dilectus
412 619 462 647 est
485 616 567 648 haec
590 615 676 649 filius

238 664 270 695 A
295 665 424 697 saeculo
451 664 533 696 dixit
557 673 657 705 meus,

237 712 277 744 In
301 720 363 751 quo
386 712 465 744 mihi
491 712 694 752 complacuit.

869 167 925 200 14.
942 166 1087 200 Edoctus
1112 167 1163 199 his
1189 168 1327 200 oraculis

939 214 1089 255 Baptista
1110 215 1220 248 Jesum
1243 216 1411 255 praedicat

939 262 1061 295 Natum
1085 262 1156 300 Dei,
1182 263 1237 304 qui
1261 263 1295 295 in
1320 263 1438 304 spiritu

938 310 1056 344 Sancto
1081 310 1194 344 fideles
1218 311 1371 351 baptizet.

866 368 923 401 15.
938 367 1023 407 Quid
1046 378 1151 401 sermo
1175 372 1286 402 noster
1310 370 1448 409 amplius

939 415 1043 453 Hujus
1070 420 1163 448 canat
1188 418 1370 459 praeconia,

937 463 989 496 De
1014 473 1075 504 quo
1101 465 1205 504 patris
1230 474 1293 497 vox
1317 464 1383 497 filio

939 511 1024 545 Olim
1046 512 1155 545 locuta
1178 513 1356 553 praecinit:

868 568 922 602 16.
937 568 988 601 En
1013 570 1117 609 mitto,
1147 569 1239 606 dixit,
1267 571 1415 611 angelum

938 617 1041 650 Tuam
1063 620 1159 657 paret
1184 618 1238 658 qui
1262 619 1419 650 semitam.

936 664 1070 698 Vultum
1095 669 1348 706 praecurratque
1372 669 1461 698 tuum

939 712 1047 745 Solem
1071 713 1181 745 lucens
1206 717 1243 745 ut
1266 713 1392 746 lu<ifer.

573 771 628 803 17.
654 771 802 811 Praesta,
828 773 923 810 pater
939 770 1093 811 piissime.

243 835 307 864 Fol.
334 836 369 864 20
400 845 419 865 a
445 844 509 872 sqq.
538 851 575 856 ——
595 836 698 872 Migne
724 836 783 864 PP.
809 835 872 864 LL.
892 835 998 864 XCIV.
1019 845 1046 872 p.
1069 836 1124 865 527
1151 845 1191 873 *q-

164 874 320 902 vielleicht
345 878 383 904 st.
408 875 549 903 innotuit.
573 891 611 894 —
633 875 659 910 2,
680 877 699 902 4
719 875 873 911 praeditus
895 875 949 904 Hs.
971 891 1008 894 —
1033 876 1076 910 10,
1098 877 1115 902 4
1135 875 1252 903 fluendo
1275 875 1324 903 Hs.

164 913 323 950 Baptisma
346 914 363 942 J
365 922 448 942 esum
467 914 522 941 Hs.

804 986 863 1025 56.

1271 837 1298 871 2,
1319 838 1335 865 3
1356 837 1492 866 Intonuit

1411 878 1456 911 14,
1479 879 1495 903 2

545 1063 582 1096 In
599 1062 705 1095 natali
726 1061 831 1094 sancti
850 1062 940 1094 Petri
957 1062 1117 1102 hymnum.

166 1137 198 1170 1.
237 1135 334 1170 Felix
351 1144 411 1177 per
429 1143 538 1167 omnes
555 1133 674 1166 festum
690 1135 803 1167 mundi

501 1183 649 1215 cardines

238 1231 469 1273 Apostolorum
516 1231 699 1271 praepollet
734 1231 800 1262 ala-

500 1280 598 1311 criter

238 1327 329 1360 Petri
348 1327 449 1366 beati,
466 1327 562 1360 Pauli
579 1325 800 1365 sacratissimi,

239 1380 324 1416 Quos
342 1375 489 1409 Christus
502 1376 587 1407 almo
602 1375 802 1407 consecravit

497 1423 661 1466 sanguine,

236 1472 459 1505 Ecclesiamm
503 1472 671 1512 deputavit
707 1471 798 1511 prin-

500 1527 597 1560 cipes.

164 1580 196 1612 2.
234 1579 280 1612 Hi
288 1581 364 1610 sunt
373 1579 478 1611 olivae
486 1578 547 1610 duo
555 1585 663 1609 coram
671 1577 798 1610 domino
864 1576 894 1609 5.

235 1628 281 1661 Et
306 1625 503 1660 candelabra
526 1626 599 1658 luce
624 1624 797 1668 radiantia,

235 1675 411 1709 Praeclara
433 1675 515 1706 coeli
534 1675 596 1707 duo
614 1673 796 1717 luminaria,

234 1723 349 1756 Fortia
365 1724 496 1756 solvunt
507 1727 713 1763 peccatorum
726 1722 796 1755 vin-

235 1820 351 1853 Portas
378 1771 670 1860 olympiclilcss'erant
691 1816 797 1850 fideli-

495 1867 567 1899 bus.

162 1928 194 1960 3.
234 1925 367 1960 Habent.
408 1934 566 1970 supernas
606 1927 800 1965 potestatem

497 1973 649 2006 claudere

235 2022 390 2056 Sermone
407 2023 512 2061 sedes,
531 2023 677 2063 pandere
689 2022 797 2062 splen-

497 2071 608 2104 dentia
865 2072 897 2106 6.

233 2119 363 2152 Limina
384 2120 454 2161 poli
475 2129 574 2160 super
591 2120 660 2153 alta
676 2119 795 2160 sidera,

231 2167 378 2208 Linguae
420 2176 530 2200 eorum
573 2168 679 2202 claves
717 2168 797 2200 coeli

494 2216 602 2250 factae
626 2220 711 2257 sunt,

230 2264 355 2300 Laruas
384 2266 549 2308 repellunt:
573 2266 660 2300 ultra
684 2266 797 2300 muudi

493 2315 640 2349 limitem.

868 1136 901 1167 4.
940 1134 1056 1167 Petrus
1092 1133 1205 1166 beatus
1240 1137 1426 1167 catenarum
1450 1135 1499 1168 la-

1202 1190 1299 1223 queos

939 1229 1068 1264 Christo
1090 1230 1225 1271 jubente
1249 1231 1340 1270 rupit
1366 1231 1499 1264 mirabi-

1199 1279 1285 1318 liter,

939 1324 1053 1358 Custos
1065 1326 1160 1358 ovilis
1174 1330 1208 1357 et
1219 1325 1331 1359 doctor
1341 1327 1499 1360 ecclesiae

936 1375 1117 1415 Pastorque
1141 1375 1257 1415 gregis,
1289 1378 1498 1408 conservator

1199 1431 1305 1455 owum

936 1471 1024 1503 Arce
1047 1470 1198 1511 luporum
1213 1471 1429 1503 truculentam
1446 1481 1499 1503 ra-

1195 1519 1292 1552 biem.

933 1574 1007 1608 Non
1023 1576 1130 1617 impar
1142 1577 1263 1609 Paulus
1276 1577 1361 1620 huic,
1383 1577 1497 1609 doctor

1199 1625 1352 1666 gentium,

935 1672 1158 1706 Ecclesiarum
1176 1674 1332 1713 templum
1344 1674 1496 1706 sacratis-

1197 1723 1325 1763 simum,

935 1770 976 1802 In
984 1773 1089 1802 morte
1098 1778 1241 1813 compar,
1250 1770 1285 1802 in
1296 1779 1415 1802 corona
1422 1779 1497 1810 par-

1197 1819 1312 1860 ticeps,

935 1866 1042 1899 Ambo
1072 1867 1226 1900 lucernae
1259 1870 1293 1898 et.
1318 1867 1417 1899 decus
1443 1876 1495 1899 ec-

1199 1915 1327 1958 clesiae,

935 1964 975 1997 In
993 1963 1071 1996 orbe
1090 1964 1177 1997 claro
1190 1967 1380 1997 corruscant.
1390 1963 1500 1997 vibra-

1195 2021 1293 2047 mme.

937 2071 1167 2112 Quodcumque
1182 2071 1298 2104 vinclis
1316 2079 1415 2112 super
1429 2074 1495 2102 ter-

1197 2129 1268 2152 ram
1292 2120 1474 2153 strinxerit.

935 2168 1011 2201 Erit
1022 2168 1056 2200 in
1069 2168 1166 2201 astris
1179 2169 1351 2208 religatum
1362 2169 1499 2209 pariter,

935 2216 1501 2257 thuodresolvitintemsarbitrio,

935 2265 1010 2298 Erit
1017 2267 1158 2298 solutum
1165 2274 1263 2306 super
1273 2265 1354 2298 coeli
1360 2265 1501 2307 radium,

937 2315 977 2347 ln
989 2315 1056 2347 fine
1066 2314 1179 2346 mundi
1185 2314 1287 2354 judex
1296 2314 1359 2346 erit
1367 2314 1500 2348 saeculi.

236 2379 300 2407 Fol.
322 2379 355 2408 21
381 2388 407 2408 a.
429 2380 624 2411 —Diirnmler
635 2381 659 2409 Ι.
681 2380 734 2410 136
750 2389 793 2417 sq.
809 2381 888 2409 Dan.
902 2380 927 2409 Ι.
942 2380 1010 2409 243.
1024 2396 1062 2400 —
1080 2382 1104 2415 5,
1120 2381 1135 2407 5
1153 2380 1336 2409 Fruculenta
1348 2381 1433 2409 rabie
1443 2381 1502 2410 Hs.
