1655 2624
692 55 929 92 *33*

789 169 847 211 12.

592 255 688 289 Feria
706 255 758 289 VI.
780 256 828 289 Ad
846 257 1028 290 nocturnae.

145 326 176 360 1.
219 326 270 358 Tu
294 326 451 360 trinitatis
473 327 591 368 unitas,

218 374 338 407 Orbem
357 378 509 415 potenter
534 375 587 416 qui
612 375 707 419 regis,

215 422 362 456 Attende
390 422 523 456 laudum
549 423 684 465 cantica,

217 470 306 510 Quae
332 470 528 503 excubantes
553 471 731 512 psallimus,

147 547 180 578 2.
218 545 303 579 Nam
328 546 446 579 lectulo
473 548 693 587 consurgimus

215 593 329 626 Noctis
355 595 462 635 quieto
487 597 643 636 tempore,

216 640 263 675 Ut
287 641 467 683 flagitemus
499 643 668 676 vulnerum

217 689 248 722 A
273 694 307 722 te
330 690 491 724 medelam
515 691 667 725 omnium.

144 767 178 799 3.
219 765 287 805 Quo
296 766 414 800 fraude
422 767 580 808 quidquid
590 768 780 802 daemonum

216 815 255 847 In
279 815 428 848 noctibus
454 815 656 859 deliquimus,

217 862 396 904 Abstergat
419 863 502 896 illud
527 863 662 896 coelitus

216 909 305 943 Tuae
329 913 474 951 potestas
500 911 631 952 gloriae.

222 986 287 1015 Fol.
310 988 326 1016 3
339 988 367 1015 b.
388 1002 427 1007 —-
440 988 518 1016 Dan.
532 988 557 1015 I.
579 988 624 1015 35.
644 987 735 1016 Mone
756 988 822 1016 279.
842 1003 880 1007 —
905 990 927 1021 1⁷
949 989 967 1016 4
989 987 1054 1020 Que
1078 989 1257 1016 excubantes
1271 988 1324 1017 Hs.

845 329 877 362 4.

846 768 877 803 6.

919 327 989 360 Nee
1015 336 1131 369 corpus
1156 328 1243 361 adsit
1268 328 1449 371 sordidum,

917 375 988 408 Nec
1013 378 1126 417 torpor
1149 377 1249 409 instet
1274 376 1431 417 cordium,

918 423 989 456 Nec
1014 424 1156 456 criminis
1184 425 1330 465 contagio

918 471 1080 512 Tepescat
1103 473 1202 505 ardor
1227 472 1370 513 spiritus

918 547 966 579 Ob
980 548 1049 591 hoc,
1068 548 1264 588 redemptor,
1280 557 1482 590 quaesumus,

916 594 1022 636 Reple
1045 598 1101 628 tuo
1126 605 1184 629 nos
1208 596 1340 637 lumine,

917 642 981 675 Per
1006 643 1093 683 quod
1119 644 1243 676 dierum
1270 645 1396 677 circulis

918 690 1025 723 Nullis
1050 700 1181 724 ruamus
1206 692 1342 726 aetibus.

914 768 1061 808 Praesta,
1087 771 1181 808 pater
1206 769 1359 812 piissime,

919 815 1074 856 Patrique
1100 825 1231 857 compar
1255 818 1359 857 unice,

921 863 1001 896 Cum
1025 864 1143 904 spiritu
1167 865 1326 906 paraclito

920 911 1016 944 Nunc
1050 914 1082 943 et
1105 921 1166 952 per
1190 921 1283 945 omne
1307 914 1480 947 saeculum.

1410 989 1479 1024 6‚1

145 1025 214 1053 Von
235 1025 286 1053 der
305 1026 475 1062 Doxologie
495 1035 552 1054 nur
572 1025 621 1053 die
642 1027 715 1053 zwei
737 1029 834 1054 ersten
855 1025 961 1054 Worte
980 1025 1035 1053 Hs.
1072 1060 1075 1063 Ι

781 1138 840 1179 13.

605 1213 640 1245 In
660 1212 829 1246 matutinis
848 1212 1010 1246 laudibus.

144 1285 179 1319 1.
213 1286 358 1318 Aeterna
383 1286 466 1318 coeli
489 1285 603 1326 gloria,

213 1334 317 1366 Beata
340 1342 415 1374 spes
440 1334 634 1375 mortalium,

216 1382 304 1416 Celsi
327 1382 471 1414 tonantis
494 1382 590 1414 unice

215 1429 393 1469 Castaeque
417 1431 526 1469 proles
551 1429 705 1471 virginis3

144 1508 177 1540 2.
217 1508 271 1540 Da
297 1507 464 1539 dexteram
489 1507 704 1552 surgentibus,

212 1555 378 1596 Exsurgat
403 1557 436 1587 et
457 1563 549 1587 mens
574 1555 685 1588 sobria

212 1604 441 1644 Fragransque
464 1604 499 1636 in
523 1603 653 1636 laudem
681 1603 734 1636 (lei

215 1651 331 1684 Grates
357 1651 517 1692 rependat
543 1651 680 1686 debitas.

143 1730 176 1763 3.
215 1729 312 1762 Ortus
336 1728 480 1770 refulget
500 1727 619 1761 lucifer

215 1776 434 1818 Sparsamque
456 1778 562 1809 lucem
586 1776 725 1819 nuntiat,

215 1825 312 1860 Cadit
336 1826 439 1867 caligo
465 1825 618 1866 noctium,

212 1873 286 1906 Lux
311 1877 425 1906 sancta
448 1883 507 1907 nos
530 1873 702 1909 illuminet.

843 1288 877 1318 4.

844 1508 875 1541 5.

223 1950 288 1979 Fol.
310 1952 329 1980 4
349 1958 375 1978 a.
396 1965 436 1971 -——
455 1950 534 1979 Dan.
554 1951 579 1979 I.
602 1951 654 1987 553
676 1950 767 1981 Mone
789 1951 854 1980 159.

779 2057 839 2097 14.

916 1286 1115 1327 Manensque
1139 1288 1260 1320 nostris
1284 1287 1433 1320 sensibus

918 1334 1056 1367 Noctem
1080 1334 1221 1374 repellat
1245 1335 1367 1369 saeculi

918 1382 1077 1423 Omnique
1099 1381 1166 1415 fine
1193 1383 1258 1415 diei

916 1430 1059 1472 Purgata
1083 1433 1192 1463 servet
1215 1435 1357 1471 pectora.

915 1506 1067 1546 Quaesita
1091 1507 1160 1548 ,iam
1184 1508 1324 1547 primum
1349 1506 1431 1541 fides

913 1554 1055 1588 Radicet
1079 1555 1154 1588 altis
1179 1556 1338 1597 sensibus,

914 1604 1072 1638 Fecunda
1096 1613 1170 1645 spes
1196 1605 1406 1647 congaudeat,

915 1652 983 1692 Quo
1007 1653 1113 1693 major
1138 1655 1244 1685 exstet
1270 1653 1397 1688 caritas·

914 1728 1060 1773 Praesta,
1087 1733 1182 1771 pater
1207 1730 1362 1772 piissime,

914 1777 1071 1818 Patrique
1097 1787 1228 1819 compar
1250 1779 1353 1821 unice,

916 1825 995 1860 Cum
1021 1827 1139 1867 spiritu
1164 1827 1324 1868 paraclito

914 1873 1010 1907 Nunc
1044 1877 1075 1907 et
1097 1884 1157 1917 per
1182 1884 1276 1908 omne
1300 1876 1476 1909 saeculum.

684 2132 732 2166 Ad
754 2142 919 2175 vesperas.

137 2206 169 2242 1.
207 2206 391 2243 Plasmator
415 2206 553 2239 hominis
578 2205 679 2248 Deus,

207 2254 269 2297 Qui
295 2258 410 2291 cuncta
435 2256 522 2291 solus
549 2255 703 2289 ordinans

206 2304 348 2337 Humum
372 2304 466 2345 jubes
492 2305 674 2346 producere

205 2353 380 2394 Reptantis
407 2355 440 2386 et
464 2352 554 2387 ferae
579 2362 697 2395 genus;

191 2413 213 2436 D
219 2419 270 2437 rev
277 2419 306 2437 es
315 2430 322 2441 ,
337 2413 487 2442 firmarius
500 2412 691 2438 Moissiacensis.

839 2207 871 2240 2.

911 2206 972 2247 Qui
995 2215 1113 2247 magna
1137 2214 1245 2238 rerum
1270 2214 1409 2246 corpora

910 2255 1011 2288 Dictu
1031 2255 1175 2295 jubentis
1201 2254 1321 2298 vivida,

909 2302 956 2338 Ut
980 2304 1126 2336 serviant
1149 2311 1209 2344 per
1235 2302 1393 2344 ordinem,

910 2352 1059 2385 Subdens
1087 2352 1207 2385 dedisti
1232 2352 1373 2394 homini;
