1655 2624
718 53 980 90 —158-.-

820 148 878 190 19.

705 216 750 247 De
769 215 799 248 S.
820 215 992 248 Dorothea.

179 278 216 313 ῗι.
255 278 463 312 Gratulemur
494 277 529 309 in
557 276 620 310 hoc
644 276 728 310 festo
752 277 819 310 Do-

515 325 603 358 nuno

256 374 364 407 Corde
387 373 593 416 laetabundo,

256 422 342 455 Voce
366 430 561 461 resonemus,

254 470 320 511 Eja
344 469 551 503 concinendo.

176 550 214 581 2.
254 546 359 590 Salve,
386 546 476 587 virgo
502 546 655 586 virtuosa,
681 545 809 586 nobilis,

255 594 383 628 Christo
410 594 655 638 desponsabilis,

253 643 341 676 Rosa
363 641 528 675 Dorothea

253 691 410 731 vernans,
436 689 621 723 laudabilis.

172 768 212 800 3.
254 765 375 799 Christi
396 764 476 798 felix
492 766 628 807 virgula,
654 766 820 799 Dorothea

254 813 377 846 Nostra
401 813 620 846 modulamina

255 861 344 894 Audi
369 863 467 902 atque
491 863 609 893 cuncta

253 909 360 950 Terge
383 909 590 949 peccamicia.

181 989 215 1021 4.
254 986 433 1019 Procedens
465 993 505 1017 ex
528 984 630 1018 nobili
653 985 808 1026 prosapia

253 1033 417 1066 Theodori
440 1031 510 1065 filia

254 1081 343 1113 Vicit
366 1080 552 1114 Fabricium

252 1129 362 1169 Atque
389 1128 566 1163 daemonia.

179 1208 214 1240 5.
251 1204 433 1245 Margarita
455 1204 587 1238 inventa
612 1205 749 1248 egregia,

253 1253 383 1286 Intrans
408 1252 566 1284 viridaria

255 1301 358 1333 Rosas
385 1300 532 1340 paradisi

251 1348 357 1388 Legat
380 1347 559 1382 terrestria.

175 1425 213 1459 Γ6.
253 1424 345 1464 Veni,
372 1425 455 1465 veni,
483 1425 565 1467 veni,
594 1425 697 1457 electa
720 1432 792 1457 mea

254 1472 419 1513 Columba,
446 1471 621 1513 Dorothea,

251 1520 343 1562 Veni,
372 1520 491 1552 dilecta
514 1529 595 1561 mea,

252 1569 306 1602 De
328 1568 441 1600 mundi
464 1568 629 1608 morphea.

903 278 934 311 7.
949 277 1029 311 Mox
1059 284 1213 310 mucrone
1236 276 1440 331 plectebatur
1463 286 1516 310 ca-

950 372 1082 406 Adsunt
1105 328 1395 406 ‘sm-bagmggeficae

951 421 1053 455 Simul
1077 424 1265 454 resonantes

947 468 1078 510 Ingenti
1101 471 1259 501 neumate.

902 528 933 562 8.
951 528 1030 561 Cum
1050 529 1163 568 sporta
1179 526 1359 567 Theophilo
1386 528 1513 560 notario

948 575 1000 608 De
1026 574 1107 607 coeli
1134 575 1277 608 sacrario

948 622 1070 656 Missus
1093 622 1283 655 indumento

948 669 1140 704 Multifario.

902 730 932 763 9.
948 728 1157 768 Tandemque
1171 728 1299 806 rofiavit
1313 726 1406 760 flexis
1422 729 1513 770 geni-

1232 785 1268 807 us

949 824 1012 856 Pro
1038 822 1168 856 famulis
1194 822 1340 856 omnibus

947 871 1029 911 Ejus
1049 871 1236 904 memoriam

946 919 1053 960 Digne
1076 919 1304 952 recolentibus

876 978 932 1011 10.
947 976 1143 1009 Detulerunt
1167 976 1296 1009 dulcem
1317 975 1441 1009 Christi
1465 974 1513 1008 fa-

1207 1025 1327 1056 mulam

947 1071 1002 1104 Ad
1029 1072 1200 1104 coelestem
1226 1072 1371 1114 gloriam,

949 1119 1078 1152 Gaudet
1100 1119 1135 1151 in
1159 1119 1302 1152 amoenis

950 1167 1039 1200 Coeli
1065 1171 1226 1201 coronata.

876 1224 933 1257 11.
947 1224 1067 1257 Inclita
1091 1226 1125 1257 in
1141 1225 1246 1257 Rama
1261 1234 1324 1257 vox
1342 1225 1517 1258 exauditur

946 1272 992 1304 Et
1015 1272 1225 1317 promittitur,

946 1320 1056 1360 Atque
1080 1321 1190 1353 statim
1215 1329 1312 1353 sonus

947 1367 999 1400 De
1024 1368 1113 1401 coelo
1139 1369 1281 1403 auditur.

875 1425 930 1458 12.
948 1424 1011 1458 Uni
1035 1425 1121 1457 trino
1151 1426 1350 1467 sempiterno
1375 1426 1515 1459 Domino

947 1473 1038 1505 Patri
1063 1475 1160 1515 atque
1184 1472 1262 1514 filio,

947 1520 1084 1561 Spiritui
1110 1524 1221 1554 sancto

947 1568 1171 1602 Benedicanus
1200 1569 1350 1604 Domino,

535 1627 589 1660 13.
604 1626 645 1659 R.
668 1626 782 1659 Dulcis
802 1624 919 1659 florum
941 1624 1002 1659 flos

673 1674 805 1707 Exaudi
829 1684 898 1708 nos.

255 1730 306 1758 W.
327 1746 365 1750 —-
390 1730 424 1758 13
445 1729 525 1757 steht
544 1730 589 1758 als
609 1731 637 1758 R
655 1728 838 1767 (Rundreim)
857 1731 957 1760 hinter
978 1731 1037 1760 Str.
1059 1731 1086 1759 2.
1109 1731 1165 1760 Hs.

816 1806 874 1847 20.

691 1872 737 1905 De
757 1873 806 1905 SS.
831 1872 1001 1906 Trinitate.

175 1923 212 1956 1.
250 1922 330 1954 Dies
356 1926 406 1955 est
437 1924 581 1957 laetitiae

301 1969 424 2004 Infesto
450 1972 562 2014 regali,

251 2018 339 2050 Hinc
362 2019 530 2053 laudemus
557 2021 654 2054 hodie

298 2066 412 2100 Laude
437 2069 580 2110 speciali,

246 2115 312 2148 Cui
336 2120 453 2148 canunt
478 2118 594 2159 omnia,

248 2163 291 2195 In
316 2164 448 2197 coelesti
474 2165 564 2197 curia

300 2213 418 2253 Angeli
444 2213 605 2246 dicentes:

251 2259 290 2292 In
315 2261 451 2293 excelsis
476 2262 579 2302 gloria

245 2306 330 2348 Deo,
353 2317 420 2349 pax
445 2313 476 2342 et
501 2310 535 2343 in
561 2313 659 2353 terra,

300 2355 403 2390 Simul
429 2359 675 2399 congaudentes,

877 1927 911 1960 2.
948 1926 998 1958 Te
1016 1926 1187 1959 laudamus
1211 1925 1352 1959 Domine

996 1974 1092 2008 Nunc
1111 1974 1351 2015 benedicentes,

950 2023 996 2055 Et
1022 2032 1150 2057 oramus
1176 2022 1273 2055 hodie

996 2071 1044 2104 Te
1068 2070 1294 2114 glorificantes,

948 2119 1009 2158 Qui
1035 2119 1152 2153 creasti
1176 2118 1292 2159 omnia,

949 2167 1091 2207 Coelum‚
1117 2170 1249 2206 terram,
1275 2166 1386 2199 sidera

996 2215 1121 2256 Hisque
1146 2216 1333 2256 dominaris,

947 2263 993 2296 Et
1017 2267 1093 2297 sunt
1116 2264 1178 2297 tibi
1200 2263 1334 2300 subdita.

948 2312 1061 2348 Omnia
1094 2313 1237 2346 viventia

997 2361 1043 2395 Et
1066 2364 1210 2402 potestas
1240 2361 1351 2396 maris.
