1655 2624
131 154 162 186 3.
201 151 287 185 Hine
311 151 441 184 videtur
466 152 691 192 opportunum,

202 200 250 233 Ut
274 201 412 232 donetur
435 197 553 231 festum
576 206 674 231 unum

252 247 382 280 Cunctis
407 246 611 287 generaliter,

201 295 279 329 Dies
305 295 376 327 sola
402 294 497 327 datur
523 294 646 326 eunetis

200 344 297 376 Nune
319 342 355 375 in
379 343 469 375 scola
490 342 572 374 coeli
589 341 721 381 junctis,

248 390 332 423 Nam
356 390 514 423 nescimus
540 389 645 424 aliter.

133 452 167 484 4.
202 448 291 482 Hinc
311 448 469 488 imprimis
496 448 681 480 collaudata

202 497 298 529 Nune
320 495 466 528 sublimis
491 496 535 528 sit
559 496 655 528 beata

251 543 371 576 Sancta
394 552 519 585 quoque
541 543 680 586 trinitas,

202 592 305 625 Nobis
330 591 445 623 dentur
469 594 505 623 ut
531 599 677 630 coronae,

202 640 391 673 Adorentur
415 642 480 671 tres
505 647 664 679 personae

251 687 316 720 Sed
341 697 408 720 una
432 687 594 720 divinitas.

767 51 836 87 128
885 70 934 75 ——

830 150 861 182 5.
901 147 989 182 Hinc
1012 144 1130 181 Maria,
1156 143 1253 175 stella
1273 141 1385 181 maris,

899 195 1013 228 Mente
1040 193 1096 233 pia
1119 194 1155 223 tu
1181 190 1299 223 colaris

950 242 1029 276 Cum
1053 239 1151 272 turba
1174 239 1331 280 virginea,

899 290 988 324 Hine
1007 287 1199 329 prophetae,
1229 286 1449 327 patriarchae,

900 339 961 379 Qui
987 338 1094 379 quiete
1118 343 1205 368 nunc
1227 335 1262 367 in
1287 343 1363 367 aree

950 385 1102 419 Gaudent
1126 383 1328 425 Olympinea.

830 447 861 479 6.
897 444 1090 480 Veneretur*
1101 444 1177 482 post
1201 440 1265 473 hoc
1288 440 1354 480 pie.

899 491 946 526 Ut
970 493 1032 525 hoe
1058 491 1152 523 decet
1175 488 1210 522 in
1235 488 1298 520 hoe
1324 487 1387 529 die,

950 541 1072 574 Cohors
1098 537 1287 578 apostolica,

899 587 985 621 Hine
1009 587 1164 619 honorem
1188 587 1376 617 meruerunt

898 635 944 669 Et
971 643 1115 668 eruorem
1140 633 1322 666 effuderunt

946 685 1012 717 Pro
1035 682 1101 716 fide
1126 681 1295 715 catholica.

469 747 499 778 7.
540 745 685 785 Hymnus
711 745 851 782 sanctus,
878 751 941 774 vox
962 741 1118 781 jucunda,

541 793 652 825 Novus
680 795 792 824 cantus
818 792 926 822 mente
950 789 1072 822 munda

587 839 692 872 Detur
717 837 964 873 confessoribus,

541 889 640 920 Totus
668 890 776 919 coetus
802 887 965 921 adoretur,

541 935 650 977 Stygis
674 939 778 967 metus
803 943 845 966 ne
871 934 1008 966 donetur

588 983 691 1015 Nobis
718 981 953 1024 peecatoribus.

211 1040 276 1068 Fol.
295 1040 328 1068 91
355 1040 383 1067 b.
462 1041 497 1075 4,
526 1039 543 1066 2
562 1040 631 1068 Non
662 1040 787 1067 mblimis
808 1040 853 1066 sie
870 1039 961 1066 beata
980 1038 1035 1065 Hs.
1118 1037 1152 1072 6,
1181 1036 1198 1065 2
1218 1036 1261 1064 Et
1278 1036 1335 1064 hoe
1356 1035 1477 1064 videtur

138 1079 172 1106 in
193 1078 249 1106 hoe
269 1078 316 1106 die
337 1078 382 1105 Hs

712 1209 741 1241 S.
762 1206 902 1240 Martini.

141 1282 171 1315 1.
215 1281 270 1313 Te.
297 1281 451 1320 Mai-tine,
476 1280 568 1312 miles
595 1280 726 1321 Christi,

211 1328 339 1361 Laudet
363 1329 432 1361 sine
455 1337 534 1361 nece
558 1328 646 1361 tristi

255 1377 414 1409 Praesens
438 1376 520 1408 haee
542 1375 676 1419 familia,

209 1424 269 1463 Qui
295 1425 423 1457 divinae
444 1425 590 1457 meruisti

206 1473 339 1513 Virtuti
366 1481 408 1504 ne
431 1481 528 1513 neges
551 1472 617 1513 isti,

254 1519 314 1559 Qui
338 1521 422 1561 petit
444 1520 566 1554 auxilia

253 1569 338 1601 Vota
361 1577 422 1608 per
445 1569 588 1603 humilia.

135 1627 165 1658 2.
204 1626 321 1659 Omnes
347 1630 458 1666 gentes
486 1630 544 1659 tua
566 1625 652 1659 festa

204 1674 394 1707 Recolentes
416 1683 476 1715 per
500 1675 635 1707 honesta

250 1722 398 1756 Pectoris
422 1722 574 1763 hospitia,

204 1770 272 1802 Fac
294 1771 469 1811 gaudentes
499 1773 596 1811 atque
618 1774 751 1811 praesta

204 1818 308 1851 Puras
332 1822 467 1862 mentes,
492 1819 570 1852 tolle
593 1822 719 1852 maesta

252 1866 382 1899 Baratri
427 1867 583 1909 ¹upplicia²

252 1915 399 1955 Purgans
423 1916 530 1948 cordis
556 1915 645 1948 vitia.

135 1973 167 2005 3.
204 1971 280 2004 Non
300 1971 416 2011 petivit
439 1972 613 2012 quidquam
638 1982 659 2004 a
681 1976 715 2005 te

205 2019 276 2051 Nec
300 2018 403 2051 abivit
426 2018 569 2051 desolate

254 2066 381 2107 Aliquis
408 2068 579 2108 egentium,

206 2114 280 2147 Non
305 2114 431 2147 audivit
454 2114 558 2156 longe,
585 2116 660 2158 late,

209 2163 323 2203 Neque
348 2163 443 2195 scivit
467 2162 619 2203 largitate

255 2210 372 2244 Parem
404 2209 466 2243 tibi
491 2211 633 2253 gentium

256 2259 334 2292 Ulla
358 2268 445 2292 nunc
469 2259 655 2293 viventium.

212 2316 278 2344 Fol.
299 2316 337 2345 92
358 2324 385 2343 a.
401 2330 440 2335 —-
459 2317 491 2349 4,
521 2315 538 2343 3
559 2316 647 2352 larga
666 2315 722 2344 Hs.

138 2355 248 2389 silium,
269 2354 442 2392 iiberziihlig
462 2355 517 2382 Hs.

834 1280 867 1313 4.
905 1278 1016 1311 Dabas
1050 1281 1152 1311 totum
1165 1303 1173 1319 ,
1206 1278 1307 1311 dabas
1332 1287 1477 1320 quaeque

905 1326 1001 1359 Dona
1034 1326 1144 1358 dotum
1171 1328 1201 1358 et
1225 1329 1382 1367 utraeque

954 1375 1074 1407 Manus
1101 1374 1214 1416 largae
1239 1374 1380 1414 fuerant,

907 1423 970 1456 Cor
995 1424 1147 1455 devotum
1171 1423 1366 1465 humileque,

905 1472 1024 1505 Pectus
1048 1471 1162 1512 lotum,
1189 1471 1304 1504 laudes
1327 1481 1450 1513 aequae

953 1519 1001 1551 Te
1028 1519 1159 1560 dignum
1182 1520 1414 1562 praebuerant,

953 1567 1038 1599 Nam
1064 1568 1096 1599 in
1126 1570 1160 1599 te
1185 1568 1429 1608 splenduerant.

833 1627 866 1659 5.
902 1625 981 1658 Post
1007 1628 1040 1657 et
1063 1627 1139 1657 ante
1164 1625 1223 1658 sub
1249 1627 1319 1658 vita
1343 1627 1386 1659 tis

905 1673 990 1706 Eras
1015 1676 1127 1706 tantae
1150 1674 1325 1714 probitatis

954 1721 1181 1754 Praemunitus
1212 1722 1332 1764 gladio,

907 1770 1000 1810 Quod
1025 1769 1122 1803 Titan
1148 1773 1181 1803 te
1207 1771 1368 1804 claritatis

905 1819 952 1851 Et
974 1818 1032 1851 lux
1058 1822 1191 1851 sanctae
1215 1819 1372 1853 trinitatis

954 1866 1136 1900 Illustravit
1159 1868 1253 1900 radio

954 1915 994 1947 In
1017 1916 1080 1948 hoe
1103 1916 1216 1950 mundi
1241 1916 1358 1951 stadio,

834 1974 867 2006 6,
905 1973 1104 2005 Turonensis
1128 1975 1262 2013 praesul
1282 1975 1348 2016 pie,

908 2020 1005 2060 Cujus
1033 2022 1117 2053 ensis
1142 2021 1183 2054 ob
1209 2022 1338 2055 Mariae

954 2068 1088 2101 Vestem
1114 2069 1213 2102 scidit
1237 2069 1351 2103 filium.

906 2116 957 2148 Tu
981 2117 1089 2148 lumen
1115 2117 1160 2149 sis
1185 2121 1316 2151 nostrae
1342 2121 1424 2162 viae,

909 2163 955 2196 Et
981 2164 1023 2196 da
1046 2174 1175 2197 mensas
1207 2174 1325 2200 coenae
1350 2168 1422 2202 <liae

955 2212 1059 2244 Nobis
1085 2216 1161 2254 post
1186 2215 1336 2249 exsilium

955 2260 1137 2294 Poenarum
1165 2261 1332 2297 flebilium.

752 2331 791 2337 -—-
811 2316 844 2351 6,
871 2317 887 2344 5
908 2318 1022 2345 mensis
1042 2317 1099 2346 Hs.
1120 2333 1160 2339 —-
1178 2320 1205 2351 6,
1227 2320 1245 2348 6
1266 2325 1335 2357 port
1357 2323 1416 2352 hoe
1437 2335 1486 2354 ex-
