1655 2624
768 63 1031 100 —165—

711 216 753 248 De
776 216 952 249 nativitate
973 216 1104 249 Domini.

224 267 264 301 3.
304 267 429 308 Pangat
456 269 570 301 cohors
596 268 737 309 jubilum
930 269 962 302 3.
1003 269 1106 302 Chaos
1132 270 1210 300 tunc
1233 269 1437 309 propellitur,

302 316 419 348 Almae
444 316 579 358 virginis
605 317 742 349 laudans
767 316 869 350 filium
1000 317 1086 350 Dum
1102 325 1163 357 per
1178 317 1337 358 virginem
1351 316 1394 349 El
1411 316 1564 359 gignitur,

302 372 384 413 Ejus
410 375 592 407 natalitium
1002 375 1027 408 O
1053 376 1137 407 mira
1161 374 1241 406 haec
1265 375 1363 415 natio,

301 422 545 463 Perstrependo
570 422 661 455 cordi
684 420 839 454 fidelium.
1001 422 1160 464 Angelica
1181 421 1309 462 profert
1333 422 1451 455 affatio.

303 479 483 512 Tonantem
507 480 541 512 in
563 481 703 520 aethere,
1002 480 1105 512 Beata
1129 479 1163 511 in
1187 478 1266 520 filio,

303 527 328 560 O
355 527 445 568 virgo
477 527 595 564 Malia,
1001 529 1141 561 Precare
1165 537 1225 567 pro
1253 528 1338 560 clero

303 574 500 608 Clementem
530 575 634 609 filium
1003 575 1188 615 Cunctoque
1211 577 1331 616 populo

300 623 365 655 Pro
390 623 483 656 nobis
508 624 656 664 implora.
1002 623 1132 656 Orando
1157 632 1216 663 pro
1244 632 1289 656 eo.

221 682 259 713 2.
302 680 394 721 Roga
418 684 453 713 tu
479 682 521 713 tis
544 681 695 722 supplici,
928 681 961 714 4.
1001 682 1040 714 In
1065 680 1202 713 salutem
1225 682 1368 722 gentium

299 728 374 760 Tibi
400 730 572 761 concinunt
597 729 645 761 tui
671 730 802 773 servuli,
998 729 1097 771 Virgo
1123 730 1251 769 peperit
1275 732 1403 769 patrem
1428 728 1541 770 filium,

299 785 344 819 Ut
368 786 496 826 possint
520 786 609 819 beati
997 786 1181 820 Laudemus
1211 787 1297 819 hunc
1324 786 1423 820 hodie

298 834 445 875 Regnum
471 834 599 876 ingredi
624 835 693 867 nati
710 835 863 876 puelluli3
1000 834 1136 867 Gratum
1151 837 1262 866 natum
1272 844 1347 876 ergo
1356 835 1564 876 pronomine.

298 891 493 932 Summoque
517 892 656 925 Domino
999 892 1190 934 Clangentes
1208 893 1418 933 symphonice

298 939 347 972 Sit
371 940 442 972 laus
469 949 540 973 cum
564 939 631 972 filio
997 940 1152 974 Sonemus
1176 941 1289 982 lyrice,

297 987 418 1020 Sancto
443 988 603 1028 paraclito
996 988 1183 1021 Adventum
1207 989 1378 1029 mysticum

298 1035 394 1068 Nunc
420 1039 451 1068 et
473 1037 506 1068 in
533 1037 671 1071 saecula.
999 1035 1147 1069 Colentes
1173 1037 1317 1078 mystice.

689 1094 786 1126 Alma
812 1103 829 1126 o
853 1093 970 1136 Maria,

686 1140 752 1174 Pro
779 1140 872 1174 nobis
903 1141 1043 1182 implora

686 1190 742 1223 Ut
766 1192 917 1223 noster
946 1190 1150 1222 Dominus

690 1238 826 1271 Sanus
851 1247 869 1269 1·
881 1246 927 1270 ev
939 1241 1122 1270 ertatur.

299 1295 348 1322 W.
366 1309 405 1314 --
418 1294 627 1331 Regelrechter
640 1294 742 1329 Leich‚
758 1296 791 1323 in
803 1295 855 1323 der
869 1295 981 1323 letzten
991 1295 1073 1323 Zeile
1088 1295 1145 1323 mit
1158 1295 1327 1332 doppeltem
1340 1296 1432 1331 Abge:
1444 1304 1508 1332 ang.
1524 1312 1561 1316 —

220 1333 295 1361 &Ver
323 1332 420 1361 dieser
439 1333 602 1367 Dominus,
631 1333 683 1361 der
702 1334 817 1370 gesund
836 1333 1031 1362 heimkehreu
1053 1334 1125 1365 soll,
1153 1335 1208 1367 ist,
1238 1334 1313 1362 wird
1333 1344 1374 1363 wc
1380 1333 1412 1362 hl
1434 1342 1487 1362 aus
1511 1335 1542 1363 de
1550 1345 1564 1362 ι·

222 1371 441 1400 I’arallelstelle
463 1372 548 1400 Band
568 1371 592 1399 1.
612 1372 642 1400 S.
668 1373 701 1401 19
722 1372 790 1401 klar
811 1373 886 1400 sein.

745 1514 788 1547 De
809 1515 842 1547 B.
864 1514 901 1546 V.
923 1513 1036 1546 Maria..

216 1567 252 1600 1.
292 1566 479 1607 Perstrepet
513 1569 670 1600 concentu
924 1568 955 1600 5.
995 1567 1081 1599 Dum
1106 1566 1269 1599 visitando

292 1613 379 1647 Gens
404 1614 559 1659 fidelium,
994 1615 1135 1648 Matrem
1161 1615 1297 1655 gravida

290 1663 406 1696 Almae
431 1663 597 1705 genitricis
994 1663 1131 1704 Salutat,
1159 1672 1241 1703 quae
1266 1663 1309 1696 ad
1335 1672 1404 1696 eam
1432 1663 1537 1705 inquit

292 1712 457 1744 Venerans
483 1711 594 1745 filium.
993 1712 1091 1745 Unde
1114 1711 1195 1743 mihi
1217 1711 1279 1744 hoc
1305 1714 1421 1751 exstat,

213 1772 250 1804 2.
291 1769 389 1810 CuJus
414 1770 564 1811 genitura
922 1770 953 1803 6.
992 1770 1040 1803 Ut
1063 1769 1173 1802 veniat
1198 1772 1302 1801 mater

291 1817 404 1851 Carnis
432 1817 554 1860 frangit
577 1818 662 1861 jura,
992 1817 1126 1851 Domini
1148 1818 1232 1849 haec
1257 1818 1300 1850 ad
1324 1827 1385 1860 me,

291 1866 523 1900 Praecellendo
555 1869 685 1899 cunctos
993 1866 1078 1899 Nam
1105 1866 1247 1898 exsultat
1271 1865 1378 1899 infans

290 1914 412 1948 Nostra
435 1916 468 1947 in
493 1919 620 1948 natura.
991 1914 1032 1947 In
1057 1917 1149 1947 utero
1174 1924 1256 1947 meo.

209 1975 247 2008 ³3.
287 1973 387 2015 Virgo
412 1976 517 2006 mater
545 1972 676 2014 Christi,
922 1974 953 2007 7.
992 1973 1083 2014 Vale,
1109 1973 1224 2014 inquit,
1251 1977 1356 2007 mater

285 2022 350 2055 Pro
376 2022 470 2055 nobis
495 2022 645 2064 implora,
991 2021 1191 2065 Exultative‚

286 2070 333 2104 Ut
358 2081 378 2104 a
402 2080 482 2104 nece
507 2071 595 2104 tristi
991 2070 1076 2103 Nam
1101 2071 1288 2103 vaticinaris

287 2119 356 2152 Nos
380 2120 500 2153 liberet
525 2128 592 2153 ora.
990 2119 1110 2161 Angeli
1134 2117 1264 2154 famine.

207 2180 245 2212 4.
285 2177 393 2210 Isaiae
420 2178 510 2211 dictu
919 2178 951 2211 8.
992 2178 1157 2212 Christum
1184 2179 1311 2218 gratum
1337 2175 1451 2217 fatum,

285 2225 389 2259 Nobis
415 2226 596 2268 praecinuit
990 2226 1111 2259 Natum
1136 2234 1197 2266 pro
1230 2225 1369 2266 homine,

284 2274 449 2308 Johannes
474 2275 628 2317 baptista,
990 2275 1030 2308 In
1053 2274 1208 2307 mundum
1236 2274 1346 2306 datum

283 2323 376 2357 Haec
399 2324 487 2360 idem
513 2324 635 2358 annuit.
988 2323 1131 2365 Mystico
1157 2323 1343 2363 spiramine.

290 2380 343 2408 W.
364 2395 403 2399 —
423 2381 449 2416 2,
471 2382 490 2410 4
511 2382 624 2410 innata.
646 2381 700 2409 Hs.
723 2397 763 2402 ——
782 2381 841 2410 Str.
867 2380 883 2408 3
901 2379 964 2408 und
983 2379 1000 2409 6
1025 2380 1069 2409 als
1090 2376 1141 2409 ΒΟ.
1162 2379 1339 2408 bezeichnet
1358 2380 1415 2408 Hs.
