<?xml version="1.0" encoding="UTF-8"?>
<!DOCTYPE html PUBLIC "-//W3C//DTD XHTML 1.0 Transitional//EN"
    "http://www.w3.org/TR/xhtml1/DTD/xhtml1-transitional.dtd">
<html xmlns="http://www.w3.org/1999/xhtml" xml:lang="en" lang="en">
 <head>
  <title>
</title>
<meta http-equiv="Content-Type" content="text/html;charset=utf-8" />
  <meta name='ocr-system' content='tesseract 3.04.00' />
  <meta name='ocr-capabilities' content='ocr_page ocr_carea ocr_par ocr_line ocrx_word'/>
</head>
<body>
  <div class='ocr_page' id='page_1' title='image "./analectahymnica02drevuoft_00134.png"; bbox 0 0 1655 2624; ppageno 0'>
   <div class='ocr_carea' id='block_1_1' title="bbox 180 165 667 448">
    <p class='ocr_par' dir='ltr' id='par_1_1' title="bbox 180 165 667 307">
     <span class='ocr_line' id='line_1_1' title="bbox 180 165 609 208; baseline 0 -8"><span class='ocrx_word' id='word_1_1' title='bbox 180 168 219 200; x_wconf 68' lang='lat'>7.</span> <span class='ocrx_word' id='word_1_2' title='bbox 260 165 381 200; x_wconf 79' lang='lat' dir='ltr'>Caesar</span> <span class='ocrx_word' id='word_1_3' title='bbox 408 168 492 208; x_wconf 87' lang='lat' dir='ltr'>cepit</span> <span class='ocrx_word' id='word_1_4' title='bbox 517 168 609 201; x_wconf 76' lang='lat' dir='ltr'>varia</span> 
     </span>
     <span class='ocr_line' id='line_1_2' title="bbox 284 215 652 257; baseline 0 -9"><span class='ocrx_word' id='word_1_5' title='bbox 284 215 412 257; x_wconf 85' lang='lat' dir='ltr'><strong>Virgini</strong></span> <span class='ocrx_word' id='word_1_6' title='bbox 437 216 652 257; x_wconf 76' lang='lat' dir='ltr'>praetendere</span> 
     </span>
     <span class='ocr_line' id='line_1_3' title="bbox 309 264 667 307; baseline 0 -11"><span class='ocrx_word' id='word_1_7' title='bbox 309 264 482 297; x_wconf 83' lang='lat' dir='ltr'>Munerum</span> <span class='ocrx_word' id='word_1_8' title='bbox 508 265 667 307; x_wconf 77' lang='lat' dir='ltr'>pollicita,</span> 
     </span>
    </p>

    <p class='ocr_par' dir='ltr' id='par_1_2' title="bbox 261 310 662 401">
     <span class='ocr_line' id='line_1_4' title="bbox 261 310 623 345; baseline 0.003 -2"><span class='ocrx_word' id='word_1_9' title='bbox 261 310 328 344; x_wconf 84' lang='lat' dir='ltr'>Sed</span> <span class='ocrx_word' id='word_1_10' title='bbox 353 311 474 345; x_wconf 78' lang='lat' dir='ltr'>Christi</span> <span class='ocrx_word' id='word_1_11' title='bbox 498 314 623 345; x_wconf 84' lang='lat' dir='ltr'>vicaria</span> 
     </span>
     <span class='ocr_line' id='line_1_5' title="bbox 286 360 662 401; baseline 0.003 -9"><span class='ocrx_word' id='word_1_12' title='bbox 286 360 409 393; x_wconf 83' lang='lat' dir='ltr'>Nolens</span> <span class='ocrx_word' id='word_1_13' title='bbox 437 369 475 393; x_wconf 86' lang='lat' dir='ltr'>ea</span> <span class='ocrx_word' id='word_1_14' title='bbox 500 361 662 401; x_wconf 82' lang='lat' dir='ltr'>prendere</span> 
     </span>
    </p>

    <p class='ocr_par' dir='ltr' id='par_1_3' title="bbox 311 408 612 448">
     <span class='ocr_line' id='line_1_6' title="bbox 311 408 612 448; baseline -0.003 -7"><span class='ocrx_word' id='word_1_15' title='bbox 311 408 464 448; x_wconf 80' lang='lat' dir='ltr'><strong>Culpavit</strong></span> <span class='ocrx_word' id='word_1_16' title='bbox 487 408 612 444; x_wconf 83' lang='lat' dir='ltr'>illicita.</span> 
     </span>
    </p>
   </div>
   <div class='ocr_carea' id='block_1_2' title="bbox 189 484 754 765">
    <p class='ocr_par' dir='ltr' id='par_1_4' title="bbox 189 484 754 765">
     <span class='ocr_line' id='line_1_7' title="bbox 189 484 684 526; baseline -0.002 -8"><span class='ocrx_word' id='word_1_17' title='bbox 189 485 222 518; x_wconf 82' lang='lat'>8.</span> <span class='ocrx_word' id='word_1_18' title='bbox 262 484 350 517; x_wconf 90' lang='lat' dir='ltr'>Hinc</span> <span class='ocrx_word' id='word_1_19' title='bbox 373 484 520 517; x_wconf 84' lang='lat' dir='ltr'>membra</span> <span class='ocrx_word' id='word_1_20' title='bbox 539 485 684 526; x_wconf 83' lang='lat' dir='ltr'>virginea</span> 
     </span>
     <span class='ocr_line' id='line_1_8' title="bbox 286 532 694 573; baseline 0 -8"><span class='ocrx_word' id='word_1_21' title='bbox 286 532 474 565; x_wconf 77' lang='lat' dir='ltr'>Caeduntur</span> <span class='ocrx_word' id='word_1_22' title='bbox 493 532 694 573; x_wconf 87' lang='lat' dir='ltr'>verberibus,</span> 
     </span>
     <span class='ocr_line' id='line_1_9' title="bbox 310 580 754 622; baseline 0.002 -10"><span class='ocrx_word' id='word_1_23' title='bbox 310 580 390 620; x_wconf 82' lang='lat' dir='ltr'><strong>Quia</strong></span> <span class='ocrx_word' id='word_1_24' title='bbox 415 580 548 614; x_wconf 85' lang='lat' dir='ltr'>verbum</span> <span class='ocrx_word' id='word_1_25' title='bbox 575 581 754 622; x_wconf 82' lang='lat' dir='ltr'>praedicat,</span> 
     </span>
     <span class='ocr_line' id='line_1_10' title="bbox 259 627 626 670; baseline -0.003 -9"><span class='ocrx_word' id='word_1_26' title='bbox 259 627 426 669; x_wconf 84' lang='lat' dir='ltr'>Guttaque</span> <span class='ocrx_word' id='word_1_27' title='bbox 450 629 626 670; x_wconf 81' lang='lat' dir='ltr'>sanguinea</span> 
     </span>
     <span class='ocr_line' id='line_1_11' title="bbox 283 676 679 709; baseline -0.003 0"><span class='ocrx_word' id='word_1_28' title='bbox 283 676 423 709; x_wconf 81' lang='lat' dir='ltr'>Manans</span> <span class='ocrx_word' id='word_1_29' title='bbox 450 685 467 708; x_wconf 90' lang='lat' dir='ltr'>e</span> <span class='ocrx_word' id='word_1_30' title='bbox 492 676 679 709; x_wconf 82' lang='lat' dir='ltr'>vulneribus</span> 
     </span>
     <span class='ocr_line' id='line_1_12' title="bbox 307 724 754 765; baseline 0.004 -8"><span class='ocrx_word' id='word_1_31' title='bbox 307 724 443 757; x_wconf 82' lang='lat' dir='ltr'>Sacrum</span> <span class='ocrx_word' id='word_1_32' title='bbox 471 733 586 765; x_wconf 85' lang='lat' dir='ltr'>corpus</span> <span class='ocrx_word' id='word_1_33' title='bbox 614 725 754 760; x_wconf 81' lang='lat' dir='ltr'>dedicat.</span> 
     </span>
    </p>
   </div>
   <div class='ocr_carea' id='block_1_3' title="bbox 823 72 986 108">
    <p class='ocr_par' dir='ltr' id='par_1_5' title="bbox 823 72 986 108">
     <span class='ocr_line' id='line_1_13' title="bbox 823 72 986 108; baseline 0.006 -1"><span class='ocrx_word' id='word_1_34' title='bbox 823 72 890 108; x_wconf 82' lang='lat'>131</span> <span class='ocrx_word' id='word_1_35' title='bbox 944 94 986 98; x_wconf 95' lang='lat'>—</span> 
     </span>
    </p>
   </div>
   <div class='ocr_carea' id='block_1_4' title="bbox 912 171 1432 452">
    <p class='ocr_par' dir='ltr' id='par_1_6' title="bbox 912 171 1432 452">
     <span class='ocr_line' id='line_1_14' title="bbox 912 171 1337 212; baseline 0 -9"><span class='ocrx_word' id='word_1_36' title='bbox 912 171 944 204; x_wconf 84' lang='lat'>9.</span> <span class='ocrx_word' id='word_1_37' title='bbox 958 171 1038 204; x_wconf 85' lang='lat' dir='ltr'><strong>Post</strong></span> <span class='ocrx_word' id='word_1_38' title='bbox 1062 171 1158 212; x_wconf 73' lang='lat' dir='ltr'>plura</span> <span class='ocrx_word' id='word_1_39' title='bbox 1182 171 1337 211; x_wconf 83' lang='lat' dir='ltr'>pericula,</span> 
     </span>
     <span class='ocr_line' id='line_1_15' title="bbox 985 217 1350 260; baseline 0 -9"><span class='ocrx_word' id='word_1_40' title='bbox 985 219 1073 258; x_wconf 77' lang='lat' dir='ltr'>Quae</span> <span class='ocrx_word' id='word_1_41' title='bbox 1099 219 1190 260; x_wconf 84' lang='lat' dir='ltr'>virgo</span> <span class='ocrx_word' id='word_1_42' title='bbox 1217 217 1350 259; x_wconf 79' lang='lat' dir='ltr'>pacifice</span> 
     </span>
     <span class='ocr_line' id='line_1_16' title="bbox 1006 266 1358 305; baseline -0.003 -5"><span class='ocrx_word' id='word_1_43' title='bbox 1006 268 1109 300; x_wconf 80' lang='lat' dir='ltr'>Passa</span> <span class='ocrx_word' id='word_1_44' title='bbox 1133 266 1203 300; x_wconf 83' lang='lat' dir='ltr'>fore</span> <span class='ocrx_word' id='word_1_45' title='bbox 1230 267 1358 305; x_wconf 88' lang='lat' dir='ltr'>dicitur,</span> 
     </span>
     <span class='ocr_line' id='line_1_17' title="bbox 958 315 1308 348; baseline 0 -1"><span class='ocrx_word' id='word_1_46' title='bbox 958 315 1141 347; x_wconf 87' lang='lat' dir='ltr'>Detruncat</span> <span class='ocrx_word' id='word_1_47' title='bbox 1166 315 1308 348; x_wconf 87' lang='lat' dir='ltr'>ensicula</span> 
     </span>
     <span class='ocr_line' id='line_1_18' title="bbox 985 361 1338 403; baseline 0 -8"><span class='ocrx_word' id='word_1_48' title='bbox 985 362 1121 403; x_wconf 86' lang='lat' dir='ltr'>Collum,</span> <span class='ocrx_word' id='word_1_49' title='bbox 1148 365 1179 395; x_wconf 88' lang='lat' dir='ltr'>et</span> <span class='ocrx_word' id='word_1_50' title='bbox 1204 361 1338 396; x_wconf 84' lang='lat' dir='ltr'>mirifice</span> 
     </span>
     <span class='ocr_line' id='line_1_19' title="bbox 1008 410 1432 452; baseline 0.002 -9"><span class='ocrx_word' id='word_1_51' title='bbox 1008 410 1144 452; x_wconf 81' lang='lat' dir='ltr'>Sanguis</span> <span class='ocrx_word' id='word_1_52' title='bbox 1169 410 1222 443; x_wconf 87' lang='lat' dir='ltr'>lac</span> <span class='ocrx_word' id='word_1_53' title='bbox 1248 410 1432 444; x_wconf 85' lang='lat' dir='ltr'>effunditur.</span> 
     </span>
    </p>
   </div>
   <div class='ocr_carea' id='block_1_5' title="bbox 889 486 1379 769">
    <p class='ocr_par' dir='ltr' id='par_1_7' title="bbox 889 486 1379 769">
     <span class='ocr_line' id='line_1_20' title="bbox 889 486 1324 527; baseline -0.002 -7"><span class='ocrx_word' id='word_1_54' title='bbox 889 486 945 521; x_wconf 91' lang='lat'>10.</span> <span class='ocrx_word' id='word_1_55' title='bbox 961 487 1155 527; x_wconf 77' lang='lat' dir='ltr'>sepulturae</span> <span class='ocrx_word' id='word_1_56' title='bbox 1178 487 1324 520; x_wconf 85' lang='lat' dir='ltr'>creditur</span> 
     </span>
     <span class='ocr_line' id='line_1_21' title="bbox 983 535 1379 576; baseline -0.005 -8"><span class='ocrx_word' id='word_1_57' title='bbox 983 535 1070 568; x_wconf 88' lang='lat' dir='ltr'>Hinc</span> <span class='ocrx_word' id='word_1_58' title='bbox 1095 544 1213 568; x_wconf 85' lang='lat' dir='ltr'>manus</span> <span class='ocrx_word' id='word_1_59' title='bbox 1239 536 1379 576; x_wconf 82' lang='lat' dir='ltr'>angelica</span> 
     </span>
     <span class='ocr_line' id='line_1_22' title="bbox 1008 583 1308 624; baseline 0 -9"><span class='ocrx_word' id='word_1_60' title='bbox 1008 584 1142 615; x_wconf 80' lang='lat' dir='ltr'>Fecisse</span> <span class='ocrx_word' id='word_1_61' title='bbox 1169 583 1308 624; x_wconf 82' lang='lat' dir='ltr'>negotia,</span> 
     </span>
     <span class='ocr_line' id='line_1_23' title="bbox 962 630 1308 672; baseline -0.003 -9"><span class='ocrx_word' id='word_1_62' title='bbox 962 630 1103 671; x_wconf 79' lang='lat' dir='ltr'>Spiritus</span> <span class='ocrx_word' id='word_1_63' title='bbox 1126 631 1308 672; x_wconf 76' lang='lat' dir='ltr'>ingreditur</span> 
     </span>
     <span class='ocr_line' id='line_1_24' title="bbox 986 678 1377 718; baseline -0.005 -6"><span class='ocrx_word' id='word_1_64' title='bbox 986 678 1110 718; x_wconf 85' lang='lat' dir='ltr'>Polum,</span> <span class='ocrx_word' id='word_1_65' title='bbox 1136 678 1233 711; x_wconf 84' lang='lat' dir='ltr'>turba</span> <span class='ocrx_word' id='word_1_66' title='bbox 1256 679 1377 711; x_wconf 86' lang='lat' dir='ltr'>coelica</span> 
     </span>
     <span class='ocr_line' id='line_1_25' title="bbox 1007 726 1349 769; baseline 0 -10"><span class='ocrx_word' id='word_1_67' title='bbox 1007 726 1081 759; x_wconf 87' lang='lat' dir='ltr'>Tali</span> <span class='ocrx_word' id='word_1_68' title='bbox 1106 726 1227 769; x_wconf 86' lang='lat' dir='ltr'>gaudet</span> <span class='ocrx_word' id='word_1_69' title='bbox 1251 727 1349 760; x_wconf 82' lang='lat' dir='ltr'>socia.</span> 
     </span>
    </p>
   </div>
   <div class='ocr_carea' id='block_1_6' title="bbox 525 801 968 891">
    <p class='ocr_par' dir='ltr' id='par_1_8' title="bbox 525 801 968 891">
     <span class='ocr_line' id='line_1_26' title="bbox 525 801 958 842; baseline -0.002 -7"><span class='ocrx_word' id='word_1_70' title='bbox 525 802 580 835; x_wconf 87' lang='lat'>11.</span> <span class='ocrx_word' id='word_1_71' title='bbox 613 801 678 834; x_wconf 83' lang='lat' dir='ltr'>Sed</span> <span class='ocrx_word' id='word_1_72' title='bbox 700 803 768 842; x_wconf 80' lang='lat' dir='ltr'>jam</span> <span class='ocrx_word' id='word_1_73' title='bbox 794 802 958 842; x_wconf 82' lang='lat' dir='ltr'>adJ&#39;utoria</span> 
     </span>
     <span class='ocr_line' id='line_1_27' title="bbox 640 849 968 891; baseline 0.006 -10"><span class='ocrx_word' id='word_1_74' title='bbox 640 849 783 891; x_wconf 81' lang='lat' dir='ltr'>Virginis</span> <span class='ocrx_word' id='word_1_75' title='bbox 809 850 968 888; x_wconf 76' lang='lat' dir='ltr'>amabilis,</span> 
     </span>
    </p>
   </div>
   <div class='ocr_carea' id='block_1_7' title="bbox 614 897 1090 1082">
    <p class='ocr_par' dir='ltr' id='par_1_9' title="bbox 614 897 1090 1027">
     <span class='ocr_line' id='line_1_28' title="bbox 662 897 1090 939; baseline 0.002 -9"><span class='ocrx_word' id='word_1_76' title='bbox 662 897 726 931; x_wconf 88' lang='lat' dir='ltr'>Pro</span> <span class='ocrx_word' id='word_1_77' title='bbox 753 907 816 939; x_wconf 84' lang='lat' dir='ltr'>qua</span> <span class='ocrx_word' id='word_1_78' title='bbox 841 907 970 931; x_wconf 86' lang='lat' dir='ltr'>carmen</span> <span class='ocrx_word' id='word_1_79' title='bbox 996 897 1090 938; x_wconf 80' lang='lat' dir='ltr'>facio,</span> 
     </span>
     <span class='ocr_line' id='line_1_29' title="bbox 614 946 998 988; baseline 0.003 -10"><span class='ocrx_word' id='word_1_80' title='bbox 614 946 804 985; x_wconf 66' lang='lat' dir='ltr'>Impetrent,</span> <span class='ocrx_word' id='word_1_81' title='bbox 832 950 869 979; x_wconf 86' lang='lat' dir='ltr'>ut</span> <span class='ocrx_word' id='word_1_82' title='bbox 893 947 998 988; x_wconf 83' lang='lat' dir='ltr'>gloria</span> 
     </span>
     <span class='ocr_line' id='line_1_30' title="bbox 637 994 978 1027; baseline 0.003 -1"><span class='ocrx_word' id='word_1_83' title='bbox 637 994 798 1026; x_wconf 87' lang='lat' dir='ltr'>Fruamur</span> <span class='ocrx_word' id='word_1_84' title='bbox 823 994 978 1027; x_wconf 85' lang='lat' dir='ltr'>durabilis</span> 
     </span>
    </p>

    <p class='ocr_par' dir='ltr' id='par_1_10' title="bbox 663 1042 967 1082">
     <span class='ocr_line' id='line_1_31' title="bbox 663 1042 967 1082; baseline 0.01 -9"><span class='ocrx_word' id='word_1_85' title='bbox 663 1042 702 1074; x_wconf 78' lang='lat' dir='ltr'>In</span> <span class='ocrx_word' id='word_1_86' title='bbox 729 1042 810 1074; x_wconf 86' lang='lat' dir='ltr'>coeli</span> <span class='ocrx_word' id='word_1_87' title='bbox 834 1042 967 1082; x_wconf 86' lang='lat' dir='ltr'>palatio.</span> 
     </span>
    </p>
   </div>
   <div class='ocr_carea' id='block_1_8' title="bbox 260 1124 1297 1163">
    <p class='ocr_par' dir='ltr' id='par_1_11' title="bbox 260 1124 1297 1163">
     <span class='ocr_line' id='line_1_32' title="bbox 260 1124 1297 1163; baseline 0.001 -9"><span class='ocrx_word' id='word_1_88' title='bbox 260 1125 285 1154; x_wconf 83' lang='lat' dir='ltr'>F</span> <span class='ocrx_word' id='word_1_89' title='bbox 287 1126 324 1154; x_wconf 87' lang='lat' dir='ltr'>ol.</span> <span class='ocrx_word' id='word_1_90' title='bbox 346 1124 382 1154; x_wconf 83' lang='lat'>93</span> <span class='ocrx_word' id='word_1_91' title='bbox 405 1134 431 1154; x_wconf 84' lang='lat' dir='ltr'>a.</span> <span class='ocrx_word' id='word_1_92' title='bbox 453 1141 491 1145; x_wconf 88' lang='lat'>—-</span> <span class='ocrx_word' id='word_1_93' title='bbox 512 1125 537 1163; x_wconf 85' lang='lat'>6,</span> <span class='ocrx_word' id='word_1_94' title='bbox 561 1126 578 1153; x_wconf 91' lang='lat'>2</span> <span class='ocrx_word' id='word_1_95' title='bbox 598 1126 737 1155; x_wconf 71' lang='lat' dir='ltr'>Tcndmit</span> <span class='ocrx_word' id='word_1_96' title='bbox 757 1128 812 1155; x_wconf 89' lang='lat' dir='ltr'>Hs.</span> <span class='ocrx_word' id='word_1_97' title='bbox 833 1127 889 1156; x_wconf 87' lang='lat' dir='ltr'>lies</span> <span class='ocrx_word' id='word_1_98' title='bbox 913 1128 969 1156; x_wconf 81' lang='lat' dir='ltr'>wie</span> <span class='ocrx_word' id='word_1_99' title='bbox 992 1128 1068 1157; x_wconf 85' lang='lat' dir='ltr'>oben</span> <span class='ocrx_word' id='word_1_100' title='bbox 1090 1128 1160 1156; x_wconf 76' lang='lat' dir='ltr'>oder</span> <span class='ocrx_word' id='word_1_101' title='bbox 1181 1128 1297 1156; x_wconf 46' lang='lat' dir='ltr'>cedunt.</span> 
     </span>
    </p>
   </div>
   <div class='ocr_carea' id='block_1_9' title="bbox 829 1250 880 1291">
    <p class='ocr_par' dir='ltr' id='par_1_12' title="bbox 829 1250 880 1291">
     <span class='ocr_line' id='line_1_33' title="bbox 829 1250 880 1291; baseline -0.02 -1"><span class='ocrx_word' id='word_1_102' title='bbox 829 1250 880 1291; x_wconf 83' lang='lat'>13.</span> 
     </span>
    </p>
   </div>
   <div class='ocr_carea' id='block_1_10' title="bbox 706 1341 995 1374">
    <p class='ocr_par' dir='ltr' id='par_1_13' title="bbox 706 1341 995 1374">
     <span class='ocr_line' id='line_1_34' title="bbox 706 1341 995 1374; baseline 0.003 -1"><span class='ocrx_word' id='word_1_103' title='bbox 706 1341 756 1373; x_wconf 81' lang='lat' dir='ltr'>De</span> <span class='ocrx_word' id='word_1_104' title='bbox 777 1341 806 1373; x_wconf 89' lang='lat' dir='ltr'>S.</span> <span class='ocrx_word' id='word_1_105' title='bbox 829 1341 995 1374; x_wconf 82' lang='lat' dir='ltr'>Andrca.</span> 
     </span>
    </p>
   </div>
   <div class='ocr_carea' id='block_1_11' title="bbox 177 1427 744 1613">
    <p class='ocr_par' dir='ltr' id='par_1_14' title="bbox 177 1427 744 1565">
     <span class='ocr_line' id='line_1_35' title="bbox 177 1427 723 1469; baseline -0.004 -8"><span class='ocrx_word' id='word_1_106' title='bbox 177 1427 212 1461; x_wconf 81' lang='lat'>1.</span> <span class='ocrx_word' id='word_1_107' title='bbox 252 1427 418 1467; x_wconf 82' lang='lat' dir='ltr'>Andreae,</span> <span class='ocrx_word' id='word_1_108' title='bbox 444 1427 535 1460; x_wconf 75' lang='lat' dir='ltr'>Petri</span> <span class='ocrx_word' id='word_1_109' title='bbox 559 1435 723 1469; x_wconf 83' lang='lat' dir='ltr'>germano,</span> 
     </span>
     <span class='ocr_line' id='line_1_36' title="bbox 299 1475 672 1516; baseline 0 -9"><span class='ocrx_word' id='word_1_110' title='bbox 299 1475 486 1508; x_wconf 76' lang='lat' dir='ltr'>Excellenti</span> <span class='ocrx_word' id='word_1_111' title='bbox 507 1475 672 1516; x_wconf 77' lang='lat' dir='ltr'>piscatori,</span> 
     </span>
     <span class='ocr_line' id='line_1_37' title="bbox 298 1523 744 1565; baseline -0.002 -9"><span class='ocrx_word' id='word_1_112' title='bbox 298 1523 406 1565; x_wconf 83' lang='lat' dir='ltr'>Digno</span> <span class='ocrx_word' id='word_1_113' title='bbox 432 1524 530 1556; x_wconf 85' lang='lat' dir='ltr'>laude</span> <span class='ocrx_word' id='word_1_114' title='bbox 554 1523 744 1564; x_wconf 81' lang='lat' dir='ltr'>pulchriori,</span> 
     </span>
    </p>

    <p class='ocr_par' dir='ltr' id='par_1_15' title="bbox 250 1572 708 1613">
     <span class='ocr_line' id='line_1_38' title="bbox 250 1572 708 1613; baseline -0.002 -8"><span class='ocrx_word' id='word_1_115' title='bbox 250 1572 381 1605; x_wconf 83' lang='lat' dir='ltr'>Laudes</span> <span class='ocrx_word' id='word_1_116' title='bbox 407 1572 491 1613; x_wconf 74' lang='lat' dir='ltr'>stylo</span> <span class='ocrx_word' id='word_1_117' title='bbox 517 1572 592 1605; x_wconf 87' lang='lat' dir='ltr'>rudi</span> <span class='ocrx_word' id='word_1_118' title='bbox 619 1581 708 1613; x_wconf 84' lang='lat' dir='ltr'>cano,</span> 
     </span>
    </p>
   </div>
   <div class='ocr_carea' id='block_1_12' title="bbox 301 1620 819 1662">
    <p class='ocr_par' dir='ltr' id='par_1_16' title="bbox 301 1620 819 1662">
     <span class='ocr_line' id='line_1_39' title="bbox 301 1620 819 1662; baseline 0 -10"><span class='ocrx_word' id='word_1_119' title='bbox 301 1620 399 1661; x_wconf 77' lang='lat' dir='ltr'>CuJus</span> <span class='ocrx_word' id='word_1_120' title='bbox 424 1629 539 1653; x_wconf 87' lang='lat' dir='ltr'>nomen</span> <span class='ocrx_word' id='word_1_121' title='bbox 556 1629 720 1662; x_wconf 80' lang='lat' dir='ltr'>nunquam</span> <span class='ocrx_word' id='word_1_122' title='bbox 736 1621 819 1653; x_wconf 82' lang='lat' dir='ltr'>mori</span> 
     </span>
    </p>
   </div>
   <div class='ocr_carea' id='block_1_13' title="bbox 249 1668 726 1799">
    <p class='ocr_par' dir='ltr' id='par_1_17' title="bbox 249 1668 726 1799">
     <span class='ocr_line' id='line_1_40' title="bbox 299 1668 726 1712; baseline 0 -11"><span class='ocrx_word' id='word_1_123' title='bbox 299 1668 416 1712; x_wconf 84' lang='lat' dir='ltr'>Debet,</span> <span class='ocrx_word' id='word_1_124' title='bbox 443 1670 476 1701; x_wconf 88' lang='lat' dir='ltr'>et</span> <span class='ocrx_word' id='word_1_125' title='bbox 499 1672 589 1702; x_wconf 86' lang='lat' dir='ltr'>actus</span> <span class='ocrx_word' id='word_1_126' title='bbox 617 1670 726 1702; x_wconf 88' lang='lat' dir='ltr'>decori</span> 
     </span>
     <span class='ocr_line' id='line_1_41' title="bbox 249 1716 723 1758; baseline 0 -8"><span class='ocrx_word' id='word_1_127' title='bbox 249 1716 430 1750; x_wconf 86' lang='lat' dir='ltr'>Florebunt</span> <span class='ocrx_word' id='word_1_128' title='bbox 464 1717 497 1748; x_wconf 89' lang='lat' dir='ltr'>in</span> <span class='ocrx_word' id='word_1_129' title='bbox 521 1717 602 1750; x_wconf 89' lang='lat' dir='ltr'>coeli</span> <span class='ocrx_word' id='word_1_130' title='bbox 625 1717 723 1758; x_wconf 82' lang='lat' dir='ltr'>plano</span> 
     </span>
     <span class='ocr_line' id='line_1_42' title="bbox 249 1766 699 1799; baseline 0.002 -1"><span class='ocrx_word' id='word_1_131' title='bbox 249 1766 387 1799; x_wconf 83' lang='lat' dir='ltr'>Peracto</span> <span class='ocrx_word' id='word_1_132' title='bbox 418 1774 512 1798; x_wconf 86' lang='lat' dir='ltr'>cursu</span> <span class='ocrx_word' id='word_1_133' title='bbox 536 1767 699 1799; x_wconf 85' lang='lat' dir='ltr'>mundano</span> 
     </span>
    </p>
   </div>
   <div class='ocr_carea' id='block_1_14' title="bbox 297 1813 772 1848">
    <p class='ocr_par' dir='ltr' id='par_1_18' title="bbox 297 1813 772 1848">
     <span class='ocr_line' id='line_1_43' title="bbox 297 1813 772 1848; baseline 0.002 -3"><span class='ocrx_word' id='word_1_134' title='bbox 297 1813 418 1846; x_wconf 82' lang='lat' dir='ltr'>Factus</span> <span class='ocrx_word' id='word_1_135' title='bbox 443 1813 481 1847; x_wconf 81' lang='lat' dir='ltr'>fit</span> <span class='ocrx_word' id='word_1_136' title='bbox 510 1814 658 1847; x_wconf 87' lang='lat' dir='ltr'>coelestis</span> <span class='ocrx_word' id='word_1_137' title='bbox 682 1815 772 1848; x_wconf 87' lang='lat' dir='ltr'>chori</span> 
     </span>
    </p>
   </div>
   <div class='ocr_carea' id='block_1_15' title="bbox 299 1856 741 1903">
    <p class='ocr_par' dir='ltr' id='par_1_19' title="bbox 299 1856 741 1903">
     <span class='ocr_line' id='line_1_44' title="bbox 299 1856 741 1903; baseline 0.002 -7"><span class='ocrx_word' id='word_1_138' title='bbox 299 1856 396 1903; x_wconf 79' lang='lat' dir='ltr'>Civis,</span> <span class='ocrx_word' id='word_1_139' title='bbox 420 1863 552 1903; x_wconf 81' lang='lat' dir='ltr'>junctus</span> <span class='ocrx_word' id='word_1_140' title='bbox 577 1863 741 1897; x_wconf 85' lang='lat' dir='ltr'>salvatori.</span> 
     </span>
    </p>
   </div>
   <div class='ocr_carea' id='block_1_16' title="bbox 169 1940 762 2079">
    <p class='ocr_par' dir='ltr' id='par_1_20' title="bbox 169 1940 762 2079">
     <span class='ocr_line' id='line_1_45' title="bbox 169 1940 658 1974; baseline 0 -1"><span class='ocrx_word' id='word_1_141' title='bbox 169 1942 206 1974; x_wconf 74' lang='lat'>2.</span> <span class='ocrx_word' id='word_1_142' title='bbox 245 1940 347 1973; x_wconf 79' lang='lat' dir='ltr'>Juxta</span> <span class='ocrx_word' id='word_1_143' title='bbox 374 1949 465 1973; x_wconf 88' lang='lat' dir='ltr'>mare</span> <span class='ocrx_word' id='word_1_144' title='bbox 492 1940 658 1973; x_wconf 74' lang='lat' dir='ltr'>Galilaeae</span> 
     </span>
     <span class='ocr_line' id='line_1_46' title="bbox 293 1988 762 2030; baseline 0 -9"><span class='ocrx_word' id='word_1_145' title='bbox 293 1988 379 2021; x_wconf 90' lang='lat' dir='ltr'>Dum</span> <span class='ocrx_word' id='word_1_146' title='bbox 406 1990 550 2023; x_wconf 86' lang='lat' dir='ltr'>salvator</span> <span class='ocrx_word' id='word_1_147' title='bbox 574 1989 762 2030; x_wconf 80' lang='lat' dir='ltr'>ambulavit,</span> 
     </span>
     <span class='ocr_line' id='line_1_47' title="bbox 244 2037 705 2079; baseline 0 -9"><span class='ocrx_word' id='word_1_148' title='bbox 244 2037 413 2071; x_wconf 74' lang='lat' dir='ltr'>Andrean]</span> <span class='ocrx_word' id='word_1_149' title='bbox 435 2038 527 2071; x_wconf 77' lang='lat' dir='ltr'>navis</span> <span class='ocrx_word' id='word_1_150' title='bbox 552 2038 705 2079; x_wconf 84' lang='lat' dir='ltr'>servavit,</span> 
     </span>
    </p>
   </div>
   <div class='ocr_carea' id='block_1_17' title="bbox 241 2085 817 2229">
    <p class='ocr_par' dir='ltr' id='par_1_21' title="bbox 241 2085 817 2229">
     <span class='ocr_line' id='line_1_48' title="bbox 241 2085 817 2129; baseline 0 -10"><span class='ocrx_word' id='word_1_151' title='bbox 241 2086 289 2119; x_wconf 84' lang='lat' dir='ltr'>Et</span> <span class='ocrx_word' id='word_1_152' title='bbox 315 2088 463 2127; x_wconf 68' lang='lat' dir='ltr'>Petrum,</span> <span class='ocrx_word' id='word_1_153' title='bbox 490 2085 626 2120; x_wconf 86' lang='lat' dir='ltr'>fratrem</span> <span class='ocrx_word' id='word_1_154' title='bbox 651 2086 817 2129; x_wconf 80' lang='lat' dir='ltr'>Andreae,</span> 
     </span>
     <span class='ocr_line' id='line_1_49' title="bbox 294 2134 815 2177; baseline 0.002 -10"><span class='ocrx_word' id='word_1_155' title='bbox 294 2134 380 2175; x_wconf 76' lang='lat' dir='ltr'>Quos</span> <span class='ocrx_word' id='word_1_156' title='bbox 412 2136 488 2169; x_wconf 88' lang='lat' dir='ltr'>dum</span> <span class='ocrx_word' id='word_1_157' title='bbox 513 2136 609 2169; x_wconf 84' lang='lat' dir='ltr'>Jesus</span> <span class='ocrx_word' id='word_1_158' title='bbox 633 2136 815 2177; x_wconf 86' lang='lat' dir='ltr'>advocavit,</span> 
     </span>
     <span class='ocr_line' id='line_1_50' title="bbox 292 2184 785 2229; baseline 0 -12"><span class='ocrx_word' id='word_1_159' title='bbox 292 2184 408 2217; x_wconf 81' lang='lat' dir='ltr'>Venite</span> <span class='ocrx_word' id='word_1_160' title='bbox 434 2187 510 2226; x_wconf 75' lang='lat' dir='ltr'>post</span> <span class='ocrx_word' id='word_1_161' title='bbox 533 2194 595 2228; x_wconf 82' lang='lat' dir='ltr'>me,</span> <span class='ocrx_word' id='word_1_162' title='bbox 624 2185 785 2229; x_wconf 78' lang='lat' dir='ltr'>clamavit,</span> 
     </span>
    </p>
   </div>
   <div class='ocr_carea' id='block_1_18' title="bbox 243 2232 722 2416">
    <p class='ocr_par' dir='ltr' id='par_1_22' title="bbox 244 2232 704 2275">
     <span class='ocr_line' id='line_1_51' title="bbox 244 2232 704 2275; baseline 0.002 -10"><span class='ocrx_word' id='word_1_163' title='bbox 244 2232 377 2267; x_wconf 79' lang='lat' dir='ltr'>Faciam</span> <span class='ocrx_word' id='word_1_164' title='bbox 401 2242 458 2266; x_wconf 85' lang='lat' dir='ltr'>vos</span> <span class='ocrx_word' id='word_1_165' title='bbox 481 2233 586 2275; x_wconf 83' lang='lat' dir='ltr'>gentis</span> <span class='ocrx_word' id='word_1_166' title='bbox 612 2242 704 2266; x_wconf 85' lang='lat' dir='ltr'>meae</span> 
     </span>
    </p>

    <p class='ocr_par' dir='ltr' id='par_1_23' title="bbox 243 2281 722 2416">
     <span class='ocr_line' id='line_1_52' title="bbox 243 2281 665 2324; baseline 0.005 -11"><span class='ocrx_word' id='word_1_167' title='bbox 243 2281 439 2324; x_wconf 78' lang='lat' dir='ltr'>Piscatores,</span> <span class='ocrx_word' id='word_1_168' title='bbox 466 2282 510 2315; x_wconf 84' lang='lat' dir='ltr'>ad</span> <span class='ocrx_word' id='word_1_169' title='bbox 532 2282 665 2324; x_wconf 75' lang='lat' dir='ltr'>plateae</span> 
     </span>
     <span class='ocr_line' id='line_1_53' title="bbox 291 2330 683 2372; baseline -0.003 -9"><span class='ocrx_word' id='word_1_170' title='bbox 291 2330 370 2366; x_wconf 78' lang='lat' dir='ltr'>vias</span> <span class='ocrx_word' id='word_1_171' title='bbox 390 2333 527 2372; x_wconf 84' lang='lat' dir='ltr'>uterque</span> <span class='ocrx_word' id='word_1_172' title='bbox 550 2331 683 2366; x_wconf 80' lang='lat' dir='ltr'>saltavit</span> 
     </span>
     <span class='ocr_line' id='line_1_54' title="bbox 289 2378 722 2416; baseline 0.012 -5"><span class='ocrx_word' id='word_1_173' title='bbox 289 2378 336 2411; x_wconf 89' lang='lat' dir='ltr'>Et</span> <span class='ocrx_word' id='word_1_174' title='bbox 359 2388 396 2412; x_wconf 87' lang='lat' dir='ltr'>se</span> <span class='ocrx_word' id='word_1_175' title='bbox 419 2380 548 2414; x_wconf 78' lang='lat' dir='ltr'>Christo</span> <span class='ocrx_word' id='word_1_176' title='bbox 573 2380 722 2416; x_wconf 82' lang='lat' dir='ltr'>sociavit.</span> 
     </span>
    </p>
   </div>
   <div class='ocr_carea' id='block_1_19' title="bbox 880 1426 1524 1906">
    <p class='ocr_par' dir='ltr' id='par_1_24' title="bbox 880 1426 1442 1566">
     <span class='ocr_line' id='line_1_55' title="bbox 880 1426 1400 1467; baseline -0.006 -5"><span class='ocrx_word' id='word_1_177' title='bbox 880 1429 912 1462; x_wconf 88' lang='lat'>3.</span> <span class='ocrx_word' id='word_1_178' title='bbox 950 1428 1003 1461; x_wconf 86' lang='lat' dir='ltr'>Ab</span> <span class='ocrx_word' id='word_1_179' title='bbox 1030 1428 1165 1462; x_wconf 87' lang='lat' dir='ltr'>Andrea</span> <span class='ocrx_word' id='word_1_180' title='bbox 1190 1426 1227 1459; x_wconf 91' lang='lat' dir='ltr'>fit</span> <span class='ocrx_word' id='word_1_181' title='bbox 1254 1427 1400 1467; x_wconf 73' lang='lat' dir='ltr'>abjectus</span> 
     </span>
     <span class='ocr_line' id='line_1_56' title="bbox 998 1476 1442 1510; baseline -0.005 -1"><span class='ocrx_word' id='word_1_182' title='bbox 998 1476 1119 1510; x_wconf 85' lang='lat' dir='ltr'>Remus</span> <span class='ocrx_word' id='word_1_183' title='bbox 1148 1480 1181 1509; x_wconf 83' lang='lat' dir='ltr'>et</span> <span class='ocrx_word' id='word_1_184' title='bbox 1205 1476 1338 1508; x_wconf 86' lang='lat' dir='ltr'>dimissa</span> <span class='ocrx_word' id='word_1_185' title='bbox 1361 1476 1442 1508; x_wconf 83' lang='lat' dir='ltr'>ratis</span> 
     </span>
     <span class='ocr_line' id='line_1_57' title="bbox 1000 1524 1425 1566; baseline -0.005 -8"><span class='ocrx_word' id='word_1_186' title='bbox 1000 1525 1217 1566; x_wconf 81' lang='lat' dir='ltr'>Sequiturque</span> <span class='ocrx_word' id='word_1_187' title='bbox 1245 1524 1315 1557; x_wconf 87' lang='lat' dir='ltr'>veri</span> <span class='ocrx_word' id='word_1_188' title='bbox 1340 1524 1425 1557; x_wconf 86' lang='lat' dir='ltr'>vatis</span> 
     </span>
    </p>

    <p class='ocr_par' dir='ltr' id='par_1_25' title="bbox 950 1571 1521 1703">
     <span class='ocr_line' id='line_1_58' title="bbox 950 1571 1521 1614; baseline -0.004 -8"><span class='ocrx_word' id='word_1_189' title='bbox 950 1573 1071 1606; x_wconf 81' lang='lat' dir='ltr'>Vocem</span> <span class='ocrx_word' id='word_1_190' title='bbox 1089 1576 1253 1614; x_wconf 79' lang='lat' dir='ltr'>tamquam</span> <span class='ocrx_word' id='word_1_191' title='bbox 1270 1573 1320 1607; x_wconf 88' lang='lat' dir='ltr'>vir</span> <span class='ocrx_word' id='word_1_192' title='bbox 1337 1571 1521 1613; x_wconf 78' lang='lat' dir='ltr'>perfectus:</span> 
     </span>
     <span class='ocr_line' id='line_1_59' title="bbox 998 1620 1459 1655; baseline 0 -1"><span class='ocrx_word' id='word_1_193' title='bbox 998 1621 1087 1655; x_wconf 88' lang='lat' dir='ltr'>Hinc</span> <span class='ocrx_word' id='word_1_194' title='bbox 1110 1631 1130 1654; x_wconf 85' lang='lat' dir='ltr'>a</span> <span class='ocrx_word' id='word_1_195' title='bbox 1154 1622 1292 1654; x_wconf 86' lang='lat' dir='ltr'>Domino</span> <span class='ocrx_word' id='word_1_196' title='bbox 1318 1620 1355 1654; x_wconf 89' lang='lat' dir='ltr'>fit</span> <span class='ocrx_word' id='word_1_197' title='bbox 1380 1622 1459 1654; x_wconf 70' lang='lat' dir='ltr'>satis</span> 
     </span>
     <span class='ocr_line' id='line_1_60' title="bbox 1002 1669 1303 1703; baseline -0.003 0"><span class='ocrx_word' id='word_1_198' title='bbox 1002 1670 1110 1703; x_wconf 81' lang='lat' dir='ltr'>Odore</span> <span class='ocrx_word' id='word_1_199' title='bbox 1134 1669 1303 1702; x_wconf 85' lang='lat' dir='ltr'>suavitatis</span> 
     </span>
    </p>

    <p class='ocr_par' dir='ltr' id='par_1_26' title="bbox 951 1718 1289 1759">
     <span class='ocr_line' id='line_1_61' title="bbox 951 1718 1289 1759; baseline -0.003 -8"><span class='ocrx_word' id='word_1_200' title='bbox 951 1718 1143 1759; x_wconf 86' lang='lat' dir='ltr'>Specialiter</span> <span class='ocrx_word' id='word_1_201' title='bbox 1169 1718 1289 1751; x_wconf 80' lang='lat' dir='ltr'>electus</span> 
     </span>
    </p>

    <p class='ocr_par' dir='ltr' id='par_1_27' title="bbox 952 1767 1524 1906">
     <span class='ocr_line' id='line_1_62' title="bbox 952 1767 1524 1811; baseline -0.002 -11"><span class='ocrx_word' id='word_1_202' title='bbox 952 1767 998 1800; x_wconf 91' lang='lat' dir='ltr'>Ut</span> <span class='ocrx_word' id='word_1_203' title='bbox 1022 1767 1074 1800; x_wconf 87' lang='lat' dir='ltr'>vir</span> <span class='ocrx_word' id='word_1_204' title='bbox 1098 1767 1246 1811; x_wconf 77' lang='lat' dir='ltr'>simplex,</span> <span class='ocrx_word' id='word_1_205' title='bbox 1271 1768 1388 1810; x_wconf 82' lang='lat' dir='ltr'>justus,</span> <span class='ocrx_word' id='word_1_206' title='bbox 1416 1768 1524 1799; x_wconf 87' lang='lat' dir='ltr'>rectus</span> 
     </span>
     <span class='ocr_line' id='line_1_63' title="bbox 998 1815 1421 1856; baseline -0.005 -7"><span class='ocrx_word' id='word_1_207' title='bbox 998 1815 1045 1849; x_wconf 77' lang='lat' dir='ltr'>Et</span> <span class='ocrx_word' id='word_1_208' title='bbox 1069 1816 1223 1849; x_wconf 88' lang='lat' dir='ltr'>obediens</span> <span class='ocrx_word' id='word_1_209' title='bbox 1247 1815 1421 1856; x_wconf 83' lang='lat' dir='ltr'>mandatis,</span> 
     </span>
     <span class='ocr_line' id='line_1_64' title="bbox 1003 1863 1481 1906; baseline 0 -10"><span class='ocrx_word' id='word_1_210' title='bbox 1003 1863 1125 1897; x_wconf 81' lang='lat' dir='ltr'>Christi</span> <span class='ocrx_word' id='word_1_211' title='bbox 1148 1865 1344 1904; x_wconf 85' lang='lat' dir='ltr'>monitisque</span> <span class='ocrx_word' id='word_1_212' title='bbox 1368 1864 1481 1906; x_wconf 86' lang='lat' dir='ltr'>gratis.</span> 
     </span>
    </p>
   </div>
   <div class='ocr_carea' id='block_1_20' title="bbox 879 1941 1525 2365">
    <p class='ocr_par' dir='ltr' id='par_1_28' title="bbox 879 1941 1524 2080">
     <span class='ocr_line' id='line_1_65' title="bbox 879 1941 1377 1976; baseline 0 -1"><span class='ocrx_word' id='word_1_213' title='bbox 879 1943 912 1975; x_wconf 85' lang='lat'>4.</span> <span class='ocrx_word' id='word_1_214' title='bbox 953 1942 1132 1976; x_wconf 87' lang='lat' dir='ltr'>Seminavit.</span> <span class='ocrx_word' id='word_1_215' title='bbox 1158 1941 1288 1975; x_wconf 90' lang='lat' dir='ltr'>verbum</span> <span class='ocrx_word' id='word_1_216' title='bbox 1315 1941 1377 1975; x_wconf 88' lang='lat' dir='ltr'>Dei</span> 
     </span>
     <span class='ocr_line' id='line_1_66' title="bbox 999 1990 1458 2032; baseline 0 -9"><span class='ocrx_word' id='word_1_217' title='bbox 999 1990 1177 2032; x_wconf 83' lang='lat' dir='ltr'>Tamquam</span> <span class='ocrx_word' id='word_1_218' title='bbox 1202 1991 1324 2023; x_wconf 86' lang='lat' dir='ltr'>amicus</span> <span class='ocrx_word' id='word_1_219' title='bbox 1349 1990 1458 2024; x_wconf 85' lang='lat' dir='ltr'>fidelis</span> 
     </span>
     <span class='ocr_line' id='line_1_67' title="bbox 997 2038 1524 2080; baseline -0.002 -8"><span class='ocrx_word' id='word_1_220' title='bbox 997 2038 1128 2080; x_wconf 85' lang='lat' dir='ltr'>Dicens,</span> <span class='ocrx_word' id='word_1_221' title='bbox 1159 2039 1334 2072; x_wconf 90' lang='lat' dir='ltr'>Dominum</span> <span class='ocrx_word' id='word_1_222' title='bbox 1361 2040 1401 2073; x_wconf 87' lang='lat' dir='ltr'>de</span> <span class='ocrx_word' id='word_1_223' title='bbox 1426 2039 1524 2072; x_wconf 82' lang='lat' dir='ltr'>caelis</span> 
     </span>
    </p>

    <p class='ocr_par' dir='ltr' id='par_1_29' title="bbox 948 2087 1430 2227">
     <span class='ocr_line' id='line_1_68' title="bbox 948 2087 1407 2129; baseline 0 -9"><span class='ocrx_word' id='word_1_224' title='bbox 948 2088 1143 2129; x_wconf 85' lang='lat' dir='ltr'>Advenisse,</span> <span class='ocrx_word' id='word_1_225' title='bbox 1170 2097 1264 2129; x_wconf 89' lang='lat' dir='ltr'>quem</span> <span class='ocrx_word' id='word_1_226' title='bbox 1289 2087 1407 2121; x_wconf 83' lang='lat' dir='ltr'>Judaei</span> 
     </span>
     <span class='ocr_line' id='line_1_69' title="bbox 998 2136 1427 2178; baseline -0.005 -8"><span class='ocrx_word' id='word_1_227' title='bbox 998 2137 1118 2171; x_wconf 88' lang='lat' dir='ltr'>Adhuc</span> <span class='ocrx_word' id='word_1_228' title='bbox 1142 2137 1265 2178; x_wconf 85' lang='lat' dir='ltr'>apertis</span> <span class='ocrx_word' id='word_1_229' title='bbox 1290 2136 1427 2177; x_wconf 85' lang='lat' dir='ltr'>loquelis</span> 
     </span>
     <span class='ocr_line' id='line_1_70' title="bbox 997 2185 1430 2227; baseline -0.005 -8"><span class='ocrx_word' id='word_1_230' title='bbox 997 2185 1137 2227; x_wconf 79' lang='lat' dir='ltr'>Negant,</span> <span class='ocrx_word' id='word_1_231' title='bbox 1163 2194 1242 2219; x_wconf 84' lang='lat' dir='ltr'>voce</span> <span class='ocrx_word' id='word_1_232' title='bbox 1266 2185 1430 2219; x_wconf 84' lang='lat' dir='ltr'>Gabrielis</span> 
     </span>
    </p>

    <p class='ocr_par' dir='ltr' id='par_1_30' title="bbox 948 2233 1400 2275">
     <span class='ocr_line' id='line_1_71' title="bbox 948 2233 1400 2275; baseline -0.004 -7"><span class='ocrx_word' id='word_1_233' title='bbox 948 2235 1036 2268; x_wconf 89' lang='lat' dir='ltr'>Fore</span> <span class='ocrx_word' id='word_1_234' title='bbox 1062 2238 1262 2275; x_wconf 87' lang='lat' dir='ltr'>conceptum,</span> <span class='ocrx_word' id='word_1_235' title='bbox 1287 2233 1346 2266; x_wconf 88' lang='lat' dir='ltr'>sed</span> <span class='ocrx_word' id='word_1_236' title='bbox 1372 2233 1400 2266; x_wconf 89' lang='lat' dir='ltr'>ei</span> 
     </span>
    </p>

    <p class='ocr_par' dir='ltr' id='par_1_31' title="bbox 949 2282 1525 2365">
     <span class='ocr_line' id='line_1_72' title="bbox 949 2282 1525 2324; baseline -0.003 -8"><span class='ocrx_word' id='word_1_237' title='bbox 949 2283 1071 2323; x_wconf 77' lang='lat' dir='ltr'>Joseph</span> <span class='ocrx_word' id='word_1_238' title='bbox 1099 2282 1180 2316; x_wconf 83' lang='lat' dir='ltr'>dant</span> <span class='ocrx_word' id='word_1_239' title='bbox 1202 2284 1346 2324; x_wconf 74' lang='lat' dir='ltr'>patrem,</span> <span class='ocrx_word' id='word_1_240' title='bbox 1372 2282 1451 2315; x_wconf 79' lang='lat' dir='ltr'>hine</span> <span class='ocrx_word' id='word_1_241' title='bbox 1474 2282 1525 2314; x_wconf 82' lang='lat' dir='ltr'>rei</span> 
     </span>
     <span class='ocr_line' id='line_1_73' title="bbox 996 2331 1464 2365; baseline 0 -1"><span class='ocrx_word' id='word_1_242' title='bbox 996 2332 1099 2365; x_wconf 84' lang='lat' dir='ltr'>Dirae</span> <span class='ocrx_word' id='word_1_243' title='bbox 1123 2331 1237 2364; x_wconf 84' lang='lat' dir='ltr'>mortis</span> <span class='ocrx_word' id='word_1_244' title='bbox 1264 2334 1297 2363; x_wconf 78' lang='lat' dir='ltr'>et</span> <span class='ocrx_word' id='word_1_245' title='bbox 1323 2331 1464 2364; x_wconf 81' lang='lat' dir='ltr'>crudelis</span> 
     </span>
    </p>
   </div>
   <div class='ocr_carea' id='block_1_21' title="bbox 999 2378 1458 2455">
    <p class='ocr_par' dir='ltr' id='par_1_32' title="bbox 999 2378 1458 2455">
     <span class='ocr_line' id='line_1_74' title="bbox 999 2378 1458 2455; baseline 0 -41"><span class='ocrx_word' id='word_1_246' title='bbox 999 2380 1108 2414; x_wconf 85' lang='lat' dir='ltr'>Erunt</span> <span class='ocrx_word' id='word_1_247' title='bbox 1131 2380 1167 2412; x_wconf 88' lang='lat' dir='ltr'>in</span> <span class='ocrx_word' id='word_1_248' title='bbox 1190 2378 1458 2455; x_wconf 57' lang='lat' dir='ltr'>inferng*1)reliS.</span> 
     </span>
    </p>
   </div>
  </div>
 </body>
</html>
