1655 2624
276 140 499 183 Ejusdemque
522 143 614 175 usiae

278 188 357 222 Cum
382 187 472 231 flato,
500 191 560 224 deo
585 193 690 233 patre,

326 237 403 270 Non
428 239 568 272 divisum
594 249 614 272 a
638 248 684 273 se.

281 296 358 329 Sola
383 294 450 329 fide
475 297 630 337 creditur,

276 343 361 376 Esse
384 353 460 377 nam
485 345 642 386 variatur,

328 391 463 433 Tegitur
489 394 642 434 epitheto.

231 475 237 481 .
277 449 409 483 Laudes
436 460 516 484 cano
545 451 684 492 domino,

279 498 340 538 Qui
363 507 425 530 nec
449 508 535 540 pane
558 508 619 531 nec
642 499 717 532 vino

327 546 433 580 Satiat
461 545 586 581 fideles.

235 629 241 636 .
279 603 341 643 Qui
366 605 437 637 sola
464 604 646 645 dulcedine,

278 652 377 686 Panis
403 653 467 686 imo
491 661 625 686 munere

328 699 495 734 Certificat
518 711 577 734 nos
603 700 709 735 Jesus.

278 758 352 791 Hoc
378 767 494 800 corpus
525 768 596 791 cum
623 759 752 800 dicitur,

279 808 367 841 Vere
392 809 470 840 tunc
496 806 640 840 efficitur

325 855 390 888 Suo
415 855 450 888 in
476 864 547 888 esse
574 855 733 889 Christus.

849 44 915 81 151
967 65 1017 71 --

934 145 966 178 8.
980 143 1064 175 Veni
1089 143 1318 184 amantissime,

982 191 1006 225 O
1032 191 1111 224 Jesu
1137 191 1333 233 dulcissime,

1028 240 1083 273 Da
1106 243 1140 272 te
1166 240 1263 282 digne
1287 239 1482 281 praelibare.

935 299 966 331 9,
982 297 1116 330 Sacrum
1140 306 1256 338 corpus
1283 300 1315 330 et
1339 297 1527 338 sanguinem

981 345 1089 379 Theos
1113 346 1168 378 hic
1191 349 1226 378 te
1248 346 1411 378 hominem

1032 393 1135 427 Credo
1161 395 1319 427 venerari.

910 452 967 486 10.
984 450 1047 483 Cor
1072 452 1244 483 contritum
1269 451 1390 483 humile

983 498 1097 532 Flecto
1123 499 1184 532 tibi
1207 500 1347 542 popliee,

1030 546 1189 579 Miserere
1213 548 1286 582 mei.

911 604 969 640 11.
982 603 1036 637 En
1062 612 1192 645 gemens
1214 604 1392 645 ingemisco

984 652 1125 693 Zeloque
1149 652 1313 694 ze10tisc0‚

1031 700 1079 733 Te
1105 700 1202 742 digne
1226 702 1432 733 manducare.

914 759 969 793 12,
984 758 1093 791 Rabbi
1116 767 1134 790 o
1165 759 1377 796 sanctissime,

980 807 1103 839 Precor
1129 809 1171 848 te,
1202 815 1254 839 me
1277 816 1341 839 non
1366 806 1437 838 sine

1028 853 1111 887 Post
1136 863 1224 887 esum
1251 854 1420 887 dominari.

630 913 685 947 13.
702 912 803 946 Vates
828 911 899 945 heri
926 912 1068 955 comites,

705 960 868 1001 Apostoli,
894 963 1050 1001 matyres,

754 1008 942 1041 Succurrite
966 1008 1095 1040 misero.

289 1065 329 1093 W
349 1065 406 1093 mit
424 1064 495 1093 Mel.
515 1080 555 1085 —
573 1064 628 1093 Als
649 1062 691 1093 ΒΟ
713 1065 783 1093 sind
802 1063 977 1093 bezeichnet
996 1062 1054 1091 Str.
1076 1064 1102 1098 2,
1124 1064 1151 1099 4,
1174 1065 1201 1099 8,
1226 1064 1270 1092 13.

863 1129 886 1169 5

737 1187 781 1219 De
801 1187 832 1219 S.
853 1159 1022 1218 Dorothea.

236 1268 242 1274 .
282 1239 468 1273 Dorotheae
494 1237 578 1272 festo

332 1287 551 1328 Gongaudete,

281 1335 389 1369 Corde
412 1344 552 1376 namque
575 1337 707 1376 praesto

330 1384 459 1418 Christo
484 1384 626 1423 psallite.

276 1441 444 1483 Virginem
470 1441 611 1475 Mariam

329 1489 531 1531 Collaudate,

277 1538 382 1579 Eique
408 1538 521 1571 laudes

326 1587 519 1620 Decantate.

278 1645 448 1678 Theodoro
473 1646 567 1686 patre

327 1693 415 1726 Nata
439 1693 531 1733 virgo
556 1693 687 1735 tenella,

282 1742 392 1782 Atque
417 1741 509 1773 Thea
532 1744 637 1774 matre

327 1790 513 1823 Procreata.

279 1850 310 1882 A
335 1848 474 1889 quodam
501 1847 653 1888 episcopo

911 1240 943 1272 5.
982 1237 1166 1280 Fabricius,
1196 1246 1329 1279 praeses

1030 1286 1135 1327 Regni
1158 1286 1257 1326 illiuS,

983 1334 1047 1367 Est
1070 1343 1180 1367 amore
1203 1334 1342 1375 virginis

1031 1382 1233 1415 stimulatus.

911 1441 942 1474 6.
980 1440 1087 1481 Eique
1110 1449 1171 1480 pro
1199 1440 1275 1472 dote

1031 1488 1202 1529 Spondens
1229 1488 1317 1520 clare

981 1536 1122 1570 Divitias
1147 1536 1240 1578 regni

1030 1586 1205 1618 Adamare.

912 1645 941 1677 ’7.
979 1642 1151 1676 Fabricius
1177 1643 1294 1677 sedens

1031 1691 1070 1724 In
1095 1693 1230 1733 palatio,

988 1739 1188 1781 Theophilus
1214 1740 1361 1773 scribens

1030 1788 1216 1830 PrivilegiO.

912 1847 944 1881 8.
984 1845 1172 1887 sportulam
1204 1855 1274 1879 eum
1298 1845 1382 1879 rosis

327 1896 511 1939 Baptizata,
1033 1887 1109 1928 Tibi
1136 1895 1230 1936 dabo,

279 1945 469 1986 Sponsoque
493 1954 551 1979 suo
980 1943 1067 1976 Filio
1093 1942 1221 1977 Mariae

328 1993 467 2027 Sociata.
1033 1992 1180 2025 Sociabo.

294 2052 342 2080 W.
366 2067 404 2071 ——
426 2053 451 2086 5,
476 2051 491 2080 3
514 2059 533 2079 a
554 2052 649 2080 morte
669 2050 797 2088 virginis
820 2050 876 2079 Hs.

867 2106 888 2147 6

735 2164 780 2197 De
801 2164 834 2197 B.
856 2137 901 2196 V..
915 2163 1029 2197 Maria.

234 2247 240 2253 .
280 2218 378 2252 Salve
402 2218 516 2251 mundi
540 2217 655 2260 gloria,

324 2267 451 2308 Regina
477 2268 650 2308 coelorum,

278 2315 470 2351 Sanctorum
495 2316 633 2356 laetitia,

327 2365 406 2399 Vita
437 2365 616 2400 beatorum.

912 2218 945 2250 2.
982 2216 1132 2249 Dulcedo
1157 2216 1349 2256 munditiae,

1032 2265 1141 2298 Decus
1171 2265 1370 2306 angelorum,

983 2313 1182 2355 Reparatrix
1207 2313 1342 2355 gratiae,

1033 2362 1115 2404 Spes
1142 2362 1394 2404 desperatorum.
