1655 2624
742 59 1006 95 —123—

204 154 238 189 3.
281 153 449 195 Cognitam
475 163 495 186 a
519 154 648 187 nemine

326 202 452 235 Scimus
477 205 615 235 matrem
640 204 738 244 piam,

276 250 367 290 Quae
394 251 435 284 de
459 250 568 283 David
594 253 716 285 semine

325 298 556 340 Genealogiam

276 347 372 388 Cepit
397 350 430 379 et
454 347 536 379 haec
561 346 700 380 feminae

322 395 425 428 Dedit
449 398 538 428 ortus
563 396 659 428 viam.

274 443 398 476 Sicut
423 444 551 484 spina
575 453 712 476 rosam

322 492 472 533 genuit
512 491 678 524 Judaea
712 493 847 526 Mari-

537 549 606 572 am.

200 599 233 631 4.
274 597 397 630 Merito
425 597 582 630 debuerat

321 645 503 679 Benedicta
525 645 635 686 scribi,

273 694 343 734 Qua
368 694 493 727 deletus
520 692 627 726 fuerat

318 742 456 775 Morbus
481 742 579 782 primi
606 741 679 781 cibi,

271 790 361 823 Deus
384 790 470 823 hanc
494 790 652 823 voluerat.

318 838 365 872 Ut
391 841 538 871 maneret
562 838 618 876 ibi,

268 887 349 919 Vas
379 887 582 928 generale
607 887 716 922 suis.

318 945 391 968 vas
422 935 623 975 speciale
649 936 745 968 sibi.

199 995 230 1025 5.
270 993 374 1025 Video
400 993 557 1025 miracula

323 1041 426 1073 Facta
448 1050 531 1073 novo
556 1049 656 1082 more,

270 1089 436 1130 Virginem
461 1089 519 1121 abs
541 1088 668 1122 macuta

315 1137 458 1170 Matrem
483 1137 549 1169 scio
576 1135 657 1174 fore,

266 1185 442 1218 Daemonis
469 1194 552 1226 quae
573 1185 683 1225 jacula

317 1232 430 1275 Fregit
457 1242 529 1265 cum
553 1234 675 1274 vigore,

270 1282 358 1315 Gau
369 1282 440 1315 dia
463 1282 619 1314 matris
643 1280 723 1313 hab
735 1289 805 1312 ent,

318 1339 406 1363 cum
443 1329 727 1371 virginitatis
768 1329 817 1361 ho
829 1346 842 1351 -

524 1386 638 1410 nora

198 1437 230 1471 6,
270 1436 350 1469 Jure
374 1439 408 1468 te
431 1445 513 1477 prae
535 1436 650 1468 ceteris

316 1485 528 1517 Benedictam
554 1493 679 1528 promo,

269 1533 358 1573 Quae
381 1536 541 1566 rectorem
566 1533 709 1566 aetheris

316 1582 448 1615 Ventris
476 1581 601 1614 claudis
628 1581 733 1623 domo,

266 1630 326 1670 Qui
351 1632 485 1670 peccato
512 1630 632 1662 veteris

316 1678 406 1712 Obiit
429 1687 489 1719 pro
513 1687 620 1719 pomo,

267 1727 313 1760 In
340 1729 413 1759 tua
438 1735 481 1759 se
508 1726 670 1759 clausit

314 1775 492 1808 viscera
516 1774 661 1807 factus
687 1776 819 1809 homo.

272 1832 337 1861 Fol.
360 1832 396 1861 88
417 1833 445 1860 b.
467 1847 506 1851 —
528 1834 554 1867 5,
577 1832 593 1860 3
618 1833 730 1870 absque
750 1833 805 1861 Hs.

936 159 965 191 7.
981 157 1125 190 Primum
1150 158 1281 198 plenum
1307 157 1411 198 gratia

1029 206 1154 239 Scimus
1181 206 1265 238 hanc
1288 204 1450 245 fluentem,

978 254 1034 286 Ad
1061 253 1142 286 coeli
1168 254 1291 294 palatia

1029 302 1117 341 Quae
1144 303 1231 335 ducit
1259 304 1414 343 egentem,

980 349 1069 389 Quae
1093 358 1153 390 per
1177 350 1290 382 mundi
1315 350 1422 390 spatia

1027 397 1168 430 Matrem
1195 398 1384 430 existentem

979 445 1068 478 Non
1095 446 1248 478 habuit
1274 446 1458 478 similem

1027 503 1104 525 nec
1144 497 1211 526 est
1244 494 1452 526 habitura
1486 502 1547 525 “re-

1242 551 1261 582 q
1271 552 1292 573 u
1303 551 1320 574 c
1328 552 1349 574 n
1359 544 1372 573 t
1383 550 1400 574 e
1408 551 1450 573 m.

932 600 964 633 8.
978 599 1070 631 Hace
1096 602 1143 631 est
1168 600 1258 640 virgo
1285 599 1421 641 stabilis,

1025 647 1139 679 Dulcis
1177 648 1274 681 mitis.
1301 657 1393 691 pura,

977 695 1087 728 Mater
1111 695 1305 728 venerabilis

1024 742 1117 775 Nulli
1138 744 1296 776 nocitura.

976 791 1007 824 A
1033 800 1092 823 cun
1097 791 1157 823 ctis
1183 791 1358 823 laudabilis

1024 839 1087 872 Est
1109 839 1190 872 haec
1216 842 1373 881 creatura,

974 887 1055 920 Hic
1081 887 1216 927 color,
1243 887 1311 919 hic
1337 896 1462 919 sexus

1023 935 1094 967 hic
1125 938 1247 968 aetas
1277 936 1365 967 ista
1389 935 1546 976 figura.

928 995 960 1027 9.
974 993 1063 1032 Quae
1087 994 1227 1033 portasti
1251 992 1364 1032 filium,

1021 1039 1135 1081 Virgo,
1163 1042 1233 1073 sine
1259 1049 1372 1082 poena,

973 1089 1026 1121 Da
1049 1088 1143 1121 nobis
1167 1089 1322 1121 auxilium

1022 1136 1222 1178 Hostemque
1250 1136 1410 1169 refraena.

972 1185 1023 1217 Tu
1048 1194 1132 1225 rosa,
1160 1189 1195 1217 tu
1219 1186 1335 1228 lilium,

1022 1233 1072 1266 Tu
1100 1233 1221 1266 virtute
1246 1234 1354 1274 plena,

974 1281 1147 1314 Cellula
1184 1282 1330 1314 mellis
1361 1277 1366 1326 Ι
1397 1280 1469 1313 fun
1483 1281 1548 1313 dit

1022 1330 1194 1362 odorem
1245 1331 1367 1371 virgo
1381 1338 1545 1364 serena.

902 1388 959 1422 10.
973 1388 1061 1428 Quae
1087 1396 1158 1420 cum
1183 1397 1276 1420 sacro
1301 1388 1431 1419 numine

1022 1435 1153 1468 Gaudes
1180 1437 1214 1468 in
1240 1436 1302 1468 hac
1325 1435 1416 1476 hora,

973 1484 1108 1517 Sursum
1132 1486 1168 1517 in
1193 1484 1340 1517 acumine

1022 1533 1072 1565 Tu
1096 1541 1157 1575 pro
1182 1532 1277 1565 nobis
1302 1541 1369 1568 ora,

971 1581 1017 1614 Ut
1043 1579 1190 1613 fruamur
1214 1581 1335 1613 lumine

1021 1629 1143 1661 Tecum
1173 1630 1244 1662 sine
1268 1637 1369 1668 mora,

972 1677 1036 1710 Ad
1058 1678 1171 1710 coeli
1198 1678 1357 1710 decora

1022 1735 1096 1758 nos
1135 1727 1271 1767 erige,
1310 1727 1434 1767 virgo
1474 1725 1543 1757 de—

1238 1783 1255 1806 c
1263 1784 1281 1807 0
1291 1784 1308 1806 r
1319 1784 1348 1806 a.

636 1965 681 1998 De
703 1964 925 2007 purificatione
947 1965 980 1996 B.
1002 1964 1040 1996 M.
1062 1964 1098 1995 V.

193 2027 226 2063 1.
263 2028 351 2061 Ecce
375 2028 475 2068 plena
497 2027 616 2068 gaudio

311 2076 392 2109 Dies
419 2078 469 2108 est
496 2079 619 2117 exorta,

264 2124 334 2165 Qua
364 2125 405 2157 de
429 2125 603 2165 puerperio

312 2173 412 2207 Venit
436 2173 516 2206 coeli
539 2176 636 2214 porta

263 2223 318 2258 Ad
342 2223 500 2263 templum
524 2231 596 2254 cum
620 2221 699 2268 filio,

195 2309 201 2312 ,
311 2271 377 2304 Per
406 2280 501 2311 quem
527 2273 576 2303 est
600 2269 789 2316 absor(p)ta

265 2319 460 2352 Acherontis
490 2320 581 2361 ditio,

311 2368 404 2401 Mors
430 2378 557 2410 quoque
582 2370 740 2404 contorta.

899 2028 932 2061 2.
970 2027 1026 2059 Ad
1056 2027 1212 2067 templum
1237 2026 1447 2067 progreditur

1019 2075 1119 2116 Virgo
1148 2078 1252 2107 mater
1281 2074 1355 2116 Dei⁷

970 2124 1062 2156 Inter
1087 2124 1180 2156 ulnas
1206 2124 1330 2165 geritur

1020 2172 1115 2205 Salus
1140 2175 1272 2205 nostrae
1296 2172 1377 2212 spei.

970 2221 1038 2254 Piis
1064 2221 1149 2253 votis
1174 2221 1273 2261 igitur

1020 2270 1234 2303 occurramus
1265 2269 1304 2311 ei,

971 2318 1068 2351 Nunc
1095 2326 1166 2350 cum
1188 2316 1306 2349 festum
1334 2316 1451 2348 colitur

1021 2366 1176 2399 Sacratae
1203 2366 1278 2399 diei.
