1655 2624
115 508 145 539 ,ΕΟ

663 75 903 111 .-76,,-

633 246 678 277 De
699 253 758 278 uno
779 247 935 286 martyre.

187 306 316 347 Martyr
339 306 412 349 Dei,
439 308 494 347 qui
517 307 646 339 unicum
815 309 847 341 3.
887 307 1000 341 Soluta
1025 311 1099 340 sunt
1121 307 1190 347 jam
1215 307 1347 340 vincula

186 355 292 387 Patris
317 355 479 394 sequendo
507 354 609 387 filium
884 355 946 388 Tui
975 356 1095 388 sacrati
1122 356 1277 397 corporiS,

185 401 287 434 Victis
312 402 490 442 triumphas
517 403 674 444 hostibus,
883 404 951 436 Nos
980 404 1071 437 solve
1095 403 1211 437 vinclis
1237 403 1356 436 saeculi

184 449 297 482 Victor
324 449 434 482 fruens
458 451 660 485 coelestibus.
881 454 1003 485 Amore
1027 451 1087 484 filii
1106 451 1178 485 Dei.

184 505 246 537 Tui
273 509 422 547 precatus
446 516 579 540 munere
809 511 842 542 4.
880 511 1026 550 Praesta,
1061 513 1156 550 pater
1180 510 1326 550 piissime

183 552 337 586 Nostrum
362 558 487 587 reatum
514 556 618 597 delae,
881 558 1035 598 Patrique
1061 567 1193 598 compar
1217 558 1324 598 unice,

183 601 309 635 Arcens
333 603 411 635 mali
436 604 592 645 contagia,
883 606 961 639 Cum
986 607 1104 646 spiritu
1129 606 1289 646 paraclito

183 649 278 682 Vitae
301 659 468 683 removens
493 652 612 686 taedia.
881 654 977 687 Nunc
1002 657 1033 686 et
1058 663 1118 695 per
1143 663 1237 686 omne
1260 654 1436 688 saeculum.

188 706 252 734 Fol.
274 708 310 735 45
331 708 360 736 b.
380 709 436 735 mit
454 708 524 736 Mel.
547 723 584 728 —
603 709 681 736 Dan.
701 710 726 738 I.
749 709 815 737 247.
838 725 874 729 —-
895 711 921 746 2,
946 710 958 738 1
983 713 1106 746 precatu
1126 710 1181 737 Hs.

648 860 738 892 Alius
758 859 902 899 hymnus.

137 942 145 949 .
184 916 274 949 Deus
299 922 424 951 tuorum
449 920 585 952 militum
810 923 841 955 3.
879 923 1004 955 Poenas
1035 923 1178 956 cucurrit
1202 922 1333 956 fortiter

184 963 261 996 Sors
288 969 320 997 et
345 974 473 1007 corona,
500 968 690 1009 praemium,
879 970 926 1002 Et
949 971 1081 1003 sustulit
1103 971 1253 1013 viriliter,

182 1011 311 1045 Laudes
339 1017 488 1046 canentes
512 1017 665 1056 martyris
880 1018 943 1051 Pro
969 1020 1002 1049 te
1028 1018 1193 1052 effundens
1218 1019 1407 1061 sanguinem

183 1060 326 1094 Absolve
349 1070 434 1094 nexu
460 1062 612 1095 criminis.
878 1066 1024 1099 Aeterna
1048 1067 1133 1099 dona
1157 1068 1314 1108 possidet.

184 1117 246 1148 Hic
269 1127 385 1160 nempe
408 1120 520 1152 mundi
544 1121 662 1160 gaudia
807 1124 838 1155 4.
879 1123 927 1156 Ob
955 1122 1017 1155 hoc
1041 1127 1176 1164 precatu
1200 1125 1343 1167 supplici

183 1164 229 1196 Et
252 1165 473 1199 blandimenta
496 1168 594 1200 noxia
879 1171 927 1203 Te
950 1172 1121 1213 poscimus,
1147 1173 1301 1218 piissime,

185 1211 314 1246 Caduca
337 1214 399 1246 rite
425 1215 583 1255 deputans
878 1220 916 1251 In
941 1218 1003 1250 hoc
1034 1220 1198 1260 triumpho
1222 1221 1379 1262 martyris

183 1260 337 1293 Pervenit
360 1262 403 1294 ad
429 1263 589 1296 coelestia.
878 1266 1014 1299 Dimitte
1038 1277 1155 1301 noxam
1175 1270 1323 1305 servulis.

520 1322 551 1353 5,
589 1320 677 1353 Laus
703 1325 735 1354 et
759 1327 911 1362 perennis
936 1324 1041 1364 gloria

588 1368 658 1401 Deo
683 1370 770 1410 patri
796 1374 828 1402 et
851 1370 918 1404 filio

587 1416 660 1449 Una
686 1427 757 1450 oum
779 1422 889 1452 sancto
915 1420 1032 1461 spiritu

589 1465 628 1497 In
654 1466 851 1506 sempiterna
876 1468 1014 1500 saecula.

187 1516 251 1544 Fol.
275 1517 311 1545 46
333 1526 359 1546 a,
379 1519 435 1545 mit
452 1519 523 1548 Mel.
543 1533 583 1538 —
603 1521 679 1549 Dan.
699 1522 724 1550 Ι.
745 1522 817 1559 1⁰93
837 1523 927 1552 Mone
948 1524 1012 1552 740.

607 1671 652 1703 De
672 1680 733 1705 uno
759 1672 946 1706 consessore.

140 1755 146 1762 .
186 1728 274 1772 Jesu,
301 1731 489 1771 redemptor
514 1732 664 1773 omnium,
810 1736 841 1768 3.
882 1735 940 1775 Qui
970 1736 1034 1768 rite
1058 1738 1170 1770 mundi
1194 1740 1313 1780 gaudia

184 1778 306 1818 Perpes
335 1787 452 1811 corona
475 1780 671 1822 praesulum,
879 1784 984 1824 Hujus
1011 1785 1135 1819 caduca.
1158 1795 1324 1831 respuens,

183 1825 221 1857 In
247 1826 309 1858 hac
333 1826 385 1859 die
410 1827 597 1860 clementius
882 1831 960 1865 Cum
989 1834 1111 1874 angelis
1138 1836 1331 1870 coelestibus

187 1872 316 1906 Nostris
343 1874 449 1907 faveto
475 1875 616 1908 vocibus.
879 1880 999 1913 Laetus
1023 1883 1148 1922 potitur
1171 1886 1336 1924 praemiis.

185 1931 248 1962 Tui
274 1933 358 1964 sacri
384 1942 447 1973 qua
469 1934 607 1966 nominis
808 1938 841 1970 4.
880 1938 978 1978 Cujus
1003 1939 1160 1981 benignus
1186 1951 1291 1975 annue

183 1978 356 2012 Confessor
380 1981 481 2013 almus
508 1982 634 2022 claruit,
875 1986 978 2019 Nobis
1004 1988 1095 2028 sequi
1120 1990 1265 2034 vestigia,

183 2026 279 2066 Cujus
309 2028 452 2060 celebrat
476 2039 582 2062 annua
875 2034 981 2075 Hujus
1006 2040 1142 2075 precatu
1167 2040 1305 2072 servulis

180 2074 306 2107 Devota
333 2075 426 2116 plebs
451 2078 615 2109 solemnia.
874 2082 1011 2114 Dimitte
1035 2093 1152 2117 noxam
1178 2087 1333 2122 criminis.

485 2136 516 2169 5.
556 2134 614 2179 Sit,
643 2137 780 2178 Christe,
807 2147 865 2170 rex
890 2140 1046 2181 piissime,

553 2183 628 2216 Tibi
654 2186 805 2226 patrique
829 2187 934 2228 gloria

556 2231 635 2265 Cum
660 2234 777 2274 spiritu
800 2236 960 2274 paraclito

551 2279 590 2313 In
617 2283 815 2323 sempiterna
839 2284 978 2318 saecula.

185 2333 249 2361 Fol.
277 2335 315 2363 46
344 2343 370 2363 a.
397 2336 454 2363 mit
471 2336 541 2364 Mel.
565 2352 603 2357 —-
629 2338 707 2366 Dan.
735 2339 759 2368 Ι.
781 2339 847 2368 249.
874 2356 913 2360 —
932 2341 1059 2371 Aufseh:
1086 2345 1135 2374 De
1157 2347 1247 2375 unius
1268 2348 1450 2380 confessoris

108 2371 172 2407 (sel.
193 2371 279 2409 festo)
298 2374 353 2402 Hs.
374 2388 412 2394 —
430 2375 456 2409 2,
480 2376 490 2404 1
518 2384 575 2411 que
594 2376 649 2404 Hs.
670 2394 710 2399 -—
730 2380 757 2413 4,
783 2380 794 2407 1
819 2387 920 2411 annua
939 2380 993 2409 Hs.
1016 2397 1053 2402 —
1072 2385 1100 2419 4,
1123 2383 1139 2413 3
1160 2390 1297 2420 precatus
1318 2388 1374 2417 Hs.
