1655 2624
597 18 858 55 —166-

706 113 763 154 37.

517 191 562 223 De
582 189 819 222 resurreetione
840 189 877 220 D.
897 188 932 220 N.

70 268 102 300 1.
141 265 219 298 Vita
243 263 364 298 Christi
384 265 573 304 resurgente

139 315 288 348 Humano
314 311 425 352 generi

138 362 268 395 Laudes
293 359 448 391 salvatori
478 360 589 391 demus

142 409 220 442 Cum
244 416 323 440 voce
347 407 495 450 supplici,

141 456 280 490 Coelesti
303 455 454 495 Messian)

145 505 271 539 Christo
295 502 446 542 jubilose.

141 561 183 594 Se
206 562 313 602 ipsum
339 559 524 601 exinanivit,

137 610 184 643 Ut
207 617 266 642 nos
290 608 447 641 liberaret

141 656 341 696 Relaxando‚
367 659 637 697 transgressorem

140 705 205 738 Sua
229 707 333 738 morte
363 704 491 745 stravit,

139 754 170 785 A
197 761 276 785 nece
300 751 438 793 perditis

141 800 284 833 Salutem
307 799 446 839 paravit.

142 859 263 891 Pane-m
290 860 322 890 et
346 857 454 889 vinum
480 857 605 899 obtulit,

140 906 224 938 Esse
247 905 422 946 assignavit

144 954 268 993 Corpus
289 953 466 994 proprium,
494 952 636 984 divinum

143 1002 182 1034 In
206 1001 269 1033 hoc
299 1001 539 1034 demonstravit.

285 1048 462 1088 Tropus.

141 1096 315 1129 Benedixit
343 1104 468 1137 quoque
492 1094 590 1136 fregit

142 1144 244 1176 Dedit
269 1147 300 1176 et
327 1143 447 1176 cibavit

143 1192 261 1225 Missos
288 1191 457 1224 duodecim

143 1240 186 1274 Se
210 1239 311 1272 [Iudas
342 1239 514 1272 damnavit.

763 262 796 295 2.
834 259 1014 300 Discipuiis
1038 258 1140 299 pedes
1164 259 1283 293 lavans

835 308 981 342 Summus
1006 307 1095 340 Deus
1121 308 1215 340 homo

834 355 1017 390 Ultimatim
1051 355 1215 388 discubuit

835 404 955 437 Volens
981 404 1079 436 vitam
1107 404 1186 437 dare

836 452 965 485 Cunctis
993 451 1204 493 Christicolis,

834 500 955 533 Divina
979 509 1118 534 sacrare.

835 558 977 591 Vestivit
1002 566 1113 590 caecos
1137 557 1275 598 lumine⁷

834 607 977 647 Lepram
998 609 1089 639 tactu
1113 605 1217 647 fugat,

835 656 963 695 Aquam
984 655 1072 687 vinei
1094 655 1222 695 saporis

835 703 966 743 Nuptiis
995 701 1124 744 figurat,

835 751 975 784 Fluxum
1002 750 1204 792 constrinxit,

836 798 940 838 Quina
963 799 1054 832 milia
1078 799 1180 840 pavit.

835 856 944 888 Primo
968 856 1096 890 Mariae
1120 856 1253 892 amanti,

833 904 961 936 Dehinc
981 904 1136 945 apostolis

834 952 963 985 Docens
990 961 1043 985 eos
1066 953 1103 984 in
1127 952 1301 992 scripturis

836 999 961 1033 Cleusis
986 1000 1152 1033 reseratis.

977 1048 1152 1089 Tropus.

834 1096 960 1129 Favent
983 1096 1083 1137 igitur
1107 1096 1246 1129 Domino

839 1145 962 1178 Cuncta
987 1144 1199 1185 congaudere,

837 1191 952 1224 Flores
979 1195 1011 1225 et
1039 1195 1164 1233 segetes

835 1239 958 1272 Fructu
984 1243 1119 1274 vernant
1144 1249 1213 1273 suo.

407 1299 437 1331 3.
478 1296 556 1329 Post
580 1297 662 1329 haec
685 1297 768 1329 mira
789 1297 946 1331 miracula

475 1344 633 1385 ‘taliaque
660 1344 749 1377 facta

477 1391 629 1433 Crucifigi
653 1402 718 1425 non
741 1393 890 1433 despexit,

477 1439 599 1480 Sponte
624 1450 683 1473 sua
709 1440 803 1481 bona,

475 1488 616 1521 Mortem
645 1488 843 1522 devastando

475 1535 521 1569 Et
545 1537 645 1569 vitam
670 1537 827 1577 parando,

473 1595 578 1628 Lucet
605 1595 722 1627 clarius
748 1595 796 1627 sol
821 1595 898 1627 luna

473 1642 583 1675 Morte
603 1642 671 1683 jam
699 1642 840 1685 turbida,

473 1690 593 1730 Tenus,
621 1690 767 1724 volucres
792 1700 877 1723 nuuc
899 1691 1058 1731 plaudent

476 1738 605 1772 Christo
629 1739 821 1780 resurgenti,

476 1788 566 1828 Quae
591 1788 730 1820 tremula
755 1787 824 1828 ejus

475 1836 584 1869 Morte
608 1839 684 1868 sunt
710 1844 833 1869 casura.

472 1893 561 1935 Ergo
586 1894 639 1926 die
662 1902 749 1927 nunc
769 1893 837 1934 jam
861 1894 924 1927 isto

476 1943 593 1976 Omne-s
620 1943 833 1984 concinamus,

476 1990 542 2030 Quo
567 1989 660 2023 nobis
686 1991 771 2023 viam
795 1999 965 2033 resurgens

476 2037 639 2072 Patefecit
663 2038 683 2072 J
686 2047 768 2071 esus,

631 2087 659 2120 T
668 2096 686 2120 r
695 2096 712 2120 o
720 2096 742 2128 p
753 2097 774 2119 u
783 2096 809 2121 s,

476 2137 585 2178 Astra,
612 2136 672 2177 sol,
697 2136 775 2168 luna
796 2135 1024 2176 jucundentur,

474 2183 520 2216 Et
544 2184 653 2216 cuncti
676 2183 837 2219 laetentur

477 2231 575 2265 Chori
600 2231 764 2273 spiritales

475 2280 545 2313 Deo
570 2280 789 2316 decantantes.

148 2335 197 2363 W.
217 2350 257 2355 -—
272 2337 466 2365 Kiinsflicher
484 2337 586 2373 Leich,
607 2338 664 2365 mit
683 2336 806 2372 Stollen‚
827 2338 988 2375 Abgesang
1007 2338 1068 2365 und
1087 2338 1215 2374 Tropus.
