1655 2624
715 73 981 109 —137——

174 170 213 204 3.
252 169 341 203 Hinc
362 170 514 203 misertus
539 171 677 204 hominis
884 173 915 205 6.
954 170 1077 204 Venter
1096 173 1170 203 tuus
1195 170 1297 210 ipsius

305 218 456 251 Criminis
1003 219 1126 252 Radius

350 267 507 307 Oppressi
532 267 686 308 languore
1051 268 1141 300 Bene
1164 268 1271 308 potest
1294 266 1404 300 scribi.

252 314 430 348 Redimens
456 325 476 347 a
500 315 636 348 sarcinis
954 315 1018 349 Dei
1041 324 1116 348 nam
1142 315 1278 347 eximius

303 363 466 396 Tol-minis
1002 364 1108 397 Filius

349 412 462 451 Ipsum
486 414 518 442 et
543 411 664 454 dolore,
1051 411 1221 452 Requievit
1246 411 1303 452 ibi,

253 458 356 492 Utero
384 459 425 491 de
450 459 594 500 virginis,
951 458 1094 501 Gabriel,
1123 459 1270 501 egregius

301 507 433 540 Ordinis
1004 507 1155 548 NuntiuS‚

348 554 436 587 Dum
461 558 619 587 venerunt
643 555 753 594 horae,
1051 556 1171 588 Vocem
1192 556 1314 595 jussani
1339 554 1403 586 sibi

254 603 487 636 Processit
511 604 751 643 splendore
954 602 1108 636 Affert
1130 601 1407 642 mellifluam,

301 660 402 684 novo
428 659 622 691 roseoque
648 652 806 684 deeore.
1003 651 1125 692 virgo
1150 651 1308 691 Maria,
1330 650 1431 683 tibi.

180 721 211 751 4.
253 719 348 751 Adae
371 727 433 759 pro
455 719 647 750 nocentibus
884 720 914 751 7.
953 718 978 752 Ο
1003 718 1096 760 virgo
1120 717 1308 759 laudabilis,

301 766 468 800 Morsibus
1003 766 1121 807 Sepilis

348 814 454 847 Homo
483 812 521 846 fit
547 822 675 857 egenus,
1051 814 1213 847 Sathanae
1239 813 1393 854 vigorem

251 863 368 895 Multis
395 862 590 895 cruciatibus
954 862 1061 896 Rosae
1087 861 1325 903 comparabilis,

301 911 474 952 (ἔγω-111113,
1004 910 1143 943 Gracilis

347 960 465 993 Poenis
496 967 622 1000 quoque
646 959 774 999 plenus,
1049 959 1196 991 Aurorae
1219 957 1253 989 in
1276 965 1408 995 morem,

250 1008 348 1040 Venit
374 1016 393 1039 a
419 1007 612 1040 coelestibus
953 1008 1062 1046 Atque
1087 1006 1148 1037 soli
1174 1005 1299 1046 similis,

298 1055 437 1089 Sedibus
1003 1053 1136 1086 stabilis

345 1103 433 1136 Hine
455 1103 520 1136 Dei
544 1110 676 1135 serenus
1052 1102 1185 1135 Gratiae
1209 1101 1251 1135 <la
1275 1109 1391 1141 rorem,

248 1152 412 1191 Filius,
439 1152 663 1183 humanum
953 1150 1007 1183 Te
1034 1150 1137 1183 deus
1169 1150 1323 1190 elegit,

294 1198 538 1234 vivificare
564 1207 705 1240 genus.
1000 1208 1071 1230 vas
1096 1198 1265 1241 nobile,
1292 1198 1522 1230 vasinho-

167 1271 206 1302 5.
247 1268 298 1300 Tu
323 1267 379 1309 qui
403 1270 511 1299 rector
538 1266 656 1299 diceris
1206 1255 1228 1279 Π
1238 1254 1256 1278 ⁰
1265 1255 1283 1278 Γ
1293 1255 1359 1278 em·

295 1315 459 1356 Aetheris,
878 1316 909 1349 8.
950 1314 1050 1354 Virgo
1075 1315 1179 1346 mater
1204 1313 1329 1355 inolita,

343 1365 454 1404 Atque
487 1363 610 1396 eoelum
635 1363 721 1403 regis
998 1362 1126 1402 Rogita,

1047 1409 1140 1450 Quod
1166 1419 1185 1442 a
1205 1409 1302 1442 sorde
1327 1409 1389 1442 luti

948 1460 1129 1499 Purgemur
1153 1458 1282 1498 illicita,

344 1508 441 1541 Valle
465 1510 582 1548 sponte
608 1507 708 1551 degis,
999 1505 1118 1539 Genita

246 1558 330 1590 Prae
358 1557 545 1598 cunctisque
571 1555 687 1588 ceteris
1046 1556 1110 1588 Pro
1135 1556 1230 1595 prole
1258 1564 1344 1587 nune
1369 1557 1400 1586 et
1425 1554 1474 1586 uti

294 1605 424 1639 Veteris
948 1604 1124 1643 Posshnus,
1151 1604 1335 1645 postposita

348 1653 425 1687 Tibi
449 1654 559 1694 placet
583 1653 664 1693 legis
998 1651 1120 1684 Seniita

244 1702 378 1744 Virgo
406 1702 568 1735 deeora
591 1701 739 1740 nimis,
1048 1700 1223 1733 Daemonis
1244 1700 1383 1737 hursuti‚

296 1750 436 1783 David
475 1750 522 1783 de
558 1750 716 1782 semine
751 1758 817 1782 re-
953 1749 1049 1783 Cum
1075 1749 1188 1781 nihil
1213 1748 1376 1781 utilius

510 1798 584 1839 gis.
999 1797 1350 1830 humauaeeredo
1368 1796 1521 1829 saluti.

252 1875 316 1904 Fol.
339 1875 375 1904 96
397 1875 426 1903 b.
449 1889 484 1895 -—
508 1874 533 1909 3,
556 1875 575 1903 4
595 1875 713 1903 sarcina
735 1874 789 1902 Hs.
806 1883 901 1912 gegen
922 1874 980 1903 den
1000 1874 1097 1902 Reim.

818 1969 876 2010 19.

697 2057 740 2089 De
764 2055 990 2098 carnisprivio.

175 2141 205 2174 1.
247 2140 379 2174 Cunctis
404 2138 517 2174 mundi
543 2138 708 2180 parasitis,
878 2140 909 2173 2.
948 2138 1014 2170 Vos
1039 2146 1149 2170 omnes
1176 2137 1218 2170 ad
1244 2136 1305 2168 hoc
1329 2135 1442 2176 invito,

244 2189 330 2229 Quos
356 2186 458 2220 fames
475 2191 604 2228 torquet
623 2191 656 2220 et
671 2188 754 2229 sitis,
947 2186 1031 2220 Levi
1052 2185 1147 2227 pede,
1173 2194 1238 2218 non
1262 2185 1374 2226 invito,

293 2238 364 2280 Ego
392 2237 643 2277 carnisprivium
999 2234 1175 2267 Festinetis
1205 2241 1354 2274 propere,

243 2286 390 2321 Salutem
414 2286 449 2318 in
478 2294 557 2320 vase
581 2285 669 2325 vitiS,
950 2286 1093 2324 Tempus
1119 2283 1224 2324 adest,
1250 2282 1297 2314 ite
1322 2282 1396 2323 cito,

243 2335 508 2377 Appropinquat‚
543 2334 627 2369 sieut
650 2334 753 2374 scitis=
951 2333 1072 2373 Quovis
1098 2331 1163 2364 ulio
1191 2330 1298 2371 sopito

292 2384 442 2420 Solenme
470 2383 661 2416 convivium.
999 2381 1055 2414 Ad
1081 2389 1138 2414 vos
1163 2382 1253 2412 tenet
1278 2386 1387 2420 opere.
