1655 2624
756 61 998 98 *Μῆ-

197 160 233 192 5.
259 158 351 191 Haec
401 159 483 192 casti
533 160 653 201 degens
700 160 842 201 pectoris
927 163 958 195 9.
974 161 1127 201 Inquiens
1162 160 1252 200 virgo
1289 159 1437 192 nuntium
1468 168 1545 200 per-

535 208 654 250 puella,
1235 207 1366 248 quii-ens
1377 219 1384 241 :

260 254 363 295 Quam
387 256 436 288 sio
455 257 621 297 ingressus
637 256 769 298 angelus
790 265 842 289 sa-
973 257 1072 291 Unde
1106 256 1169 289 hoe
1203 255 1301 296 mihi,
1338 256 1445 288 virum
1480 265 1546 288 non

534 305 619 338 lutat
627 315 635 336 :
1237 304 1371 345 cognovi

260 351 334 384 Ave
356 351 476 393 Maria,
503 354 610 393 gratia
632 353 739 393 plena,
973 352 1141 391 Quomodo
1171 352 1300 393 possint
1330 350 1425 394 fieri,
1463 361 1547 392 quae

344 400 503 433 Dominus
532 403 648 433 tecum.
1239 400 1332 441 dicis,

198 459 233 492 6.
260 457 412 490 Festinus
456 458 573 491 dehinc
612 458 742 490 nuntius
784 457 843 490 ad-
1044 448 1142 481 Unde
1166 448 1228 481 hoc
1252 447 1376 481 seiam?

534 506 661 546 junxit:
903 507 959 540 10.
975 506 1034 539 Cui
1052 509 1188 545 repente
1205 507 1337 547 angelus
1354 506 1544 547 respondit:

261 554 364 586 Beata
389 554 452 586 eris
475 553 561 586 inter
582 554 743 594 mulieres,
974 552 1115 594 Spiritus
1139 556 1270 586 sanctus
1302 563 1401 594 super
1420 558 1459 587 -te
1489 554 1545 587 de-

260 601 307 634 Et
337 602 528 635 benedictus
561 600 686 633 fruetus
718 601 843 633 ventris
1236 603 1381 645 scendet,

535 650 593 691 tui,
974 648 1053 681 Ideo
1067 652 1215 681 sanctum
1228 650 1313 690 quod
1323 651 1395 691 erit,
1410 652 1546 684 vocatur

346 697 435 737 Quae
458 697 637 730 credidisti.
1046 696 1150 729 Filius
1175 697 1247 731 Dei.

201 757 234 790 7.
263 755 415 789 Gaudens
445 755 480 787 in
504 755 604 788 verbo
630 755 689 788 sed
712 754 845 787 turbata
904 755 959 790 11.
972 754 1053 786 Mox
1092 763 1187 787 sacra
1218 756 1309 795 virgo
1343 756 1457 796 angelo
1490 764 1546 787 re-

535 804 638 844 ·wirgo,
1237 803 1371 844 spondit
1379 815 1386 837 ε

266 850 429 892 Gogstans,
466 859 524 883 eur
547 852 591 883 sit
613 851 662 883 ita
685 851 843 884 salutata:
972 850 1062 884 Eece
1086 851 1206 884 aneilla
1232 852 1353 884 domini
1377 861 1449 884 sum
1474 860 1542 895 ego,

264 899 428 939 Quomodo
459 902 596 941 possunt
631 898 721 941 fieri,
762 908 844 940 quae
976 898 1148 940 Contingat
1179 899 1260 932 mihi
1290 901 1386 940 juxta
1409 899 1545 933 verbum

540 947 631 988 dieis,
1234 950 1325 980 tuum

347 995 473 1036 Angele
497 994 585 1027 Dei?
1049 994 1141 1027 Sicut
1167 996 1290 1030 dixisti.

200 1055 234 1087 8.
263 1053 364 1092 Quam
377 1053 549 1085 adsecutus
565 1052 698 1086 Gabriel
711 1051 841 1086 affatus:
904 1052 961 1087 12.
975 1052 1091 1084 Statim
1118 1053 1267 1085 discessit
1284 1054 1417 1095 angelus
1434 1054 1475 1086 ab
1497 1061 1544 1094 ea,

262 1100 340 1133 Noli
363 1101 488 1141 timere,
515 1102 622 1141 gratia
645 1102 782 1141 repleta,
978 1099 1076 1141 Virgo
1100 1098 1259 1134 festinans
1285 1101 1367 1134 abiit
1382 1105 1545 1145 montana,

261 1148 409 1182 Nominis
439 1150 540 1182 altum
563 1148 665 1181 filium
689 1149 832 1191 gestabis
975 1147 1114 1181 Domum
1123 1149 1546 1190 ingressaZaohariaevatis

347 1197 471 1230 Ventre
499 1197 604 1232 beato.
1058 1198 1138 1232 Cum
1168 1198 1335 1232 charitate.

511 1256 566 1289 13.
607 1254 722 1287 Gloria
745 1263 868 1287 summo
894 1253 1073 1287 referamus
1099 1256 1197 1296 patri,

607 1302 666 1336 Cui
693 1304 872 1344 congaudet
896 1302 982 1335 filius
1010 1303 1146 1336 dilectus

605 1350 744 1384 'Sanetus
770 1351 928 1392 simulque
953 1351 1087 1392 spiritus
1114 1355 1243 1385 creator

725 1400 765 1432 In
790 1400 1031 1439 sempiternum.

282 1466 348 1494 Fol.
369 1466 403 1494 61
429 1474 455 1494 a.
476 1480 515 1485 —-
536 1466 568 1501 2,
599 1467 615 1493 3
637 1474 709 1494 aure
730 1466 787 1494 Hs.
808 1482 848 1486 —
869 1468 900 1500 ὀ,
928 1467 946 1495 2
965 1466 1004 1495 In
1023 1466 1162 1495 Galilaea
1181 1467 1312 1503 virginis
1332 1467 1389 1496 Hs.
1413 1482 1452 1486 -—
1471 1468 1503 1502 4,
1531 1468 1548 1495 2

201 1505 261 1533 Pro
285 1513 343 1541 quo
364 1504 477 1533 famoso
496 1505 552 1532 Hs.
573 1519 610 1524 —
633 1506 658 1539 5,
681 1505 698 1533 3
719 1504 794 1533 fehlt
814 1506 881 1533 eine
895 1502 986 1539 Silbe,
1007 1505 1163 1534 vielleieht
1181 1506 1281 1543 gratia
1301 1508 1335 1534 tu
1354 1506 1459 1543 plena3
1478 1506 1549 1534 oder

203 1543 305 1572 wollte
330 1544 382 1572 der
401 1544 526 1572 Dichter
551 1544 647 1573 lieber
673 1545 739 1572 eine
768 1544 850 1572 silbe
872 1545 914 1571 im
933 1544 1028 1573 Verse
1047 1554 1086 1572 zu
1104 1546 1204 1581 wenig
1225 1544 1269 1572 als
1291 1545 1324 1573 in
1344 1545 1402 1573 den
1421 1546 1549 1574 Worten

203 1583 257 1611 der
277 1581 388 1612 Scin-ist
407 1592 445 1610 zu.
463 1582 526 1610 viel
546 1583 657 1611 seben?

829 1667 912 1708 110.

670 1745 715 1776 De
733 1743 911 1776 nativitate
930 1744 1065 1778 Domini.

201 1816 234 1851 1.
262 1815 329 1857 Sol,
356 1817 456 1857 astra,
483 1817 581 1857 terra,
608 1824 749 1857 aequora
901 1818 935 1851 4.
963 1817 1143 1851 Laetentur
1168 1818 1265 1851 simul
1290 1817 1407 1859 angeli,

261 1864 449 1897 Adventum
473 1863 537 1897 Dei
562 1864 722 1907 altissimi,
963 1867 1080 1901 Omnes
1108 1868 1270 1900 exsultent
1294 1866 1418 1908 popufi,

259 1913 390 1946 Prolem
416 1913 535 1945 excelsi
561 1913 713 1954 germinis
958 1915 1119 1949 Excelsus
1144 1917 1235 1948 venit
1258 1915 1399 1954 humilis,

257 1961 359 1995 Dives
385 1964 419 1994 et
441 1962 536 2002 inops
563 1965 768 2003 concrepent.
961 1964 1098 1999 Salvare
1123 1965 1210 2005 quod
1234 1965 1389 2005 perierat.

197 2022 231 2056 2.
259 2020 344 2053 Olim
367 2021 563 2060 promissum
590 2020 719 2054 vatibus
902 2025 933 2056 5.
960 2023 1049 2056 Deus
1080 2025 1113 2055 et
1136 2023 1231 2056 homo
1258 2023 1361 2055 oritur

255 2070 391 2102 Partum
417 2069 547 2110 puellae
570 2069 731 2111 inclitum,
960 2071 1143 2113 Sanctaque
1168 2074 1284 2114 regnat
1307 2071 1449 2112 trinitas,

256 2117 378 2151 Natum
403 2121 479 2151 ante
503 2117 685 2160 luciferum,
962 2121 1030 2161 Quo
1055 2122 1123 2161 ejus
1149 2120 1239 2161 patri
1262 2119 1349 2152 filius

254 2166 319 2199 Dei
342 2168 486 2208 potentis
510 2166 623 2201 filium.
959 2169 1072 2202 Terris
1100 2169 1270 2202 deseendit
1296 2168 1456 2201 dominus.

195 2227 228 2260 3.
255 2225 436 2259 Venturum
461 2234 571 2268 regem
595 2225 729 2268 gloriae,
900 2229 932 2261 6.
960 2226 1551 2268 Glamentprophetaeetprophetent:

257 2273 365 2307 Deum
390 2283 527 2316 regnare
551 2274 693 2317 regibus,
959 2276 1152 2310 Emmanuel
1174 2277 1242 2317 jam
1266 2283 1371 2316 prope
1397 2278 1456 2316 est,

255 2322 394 2357 Hostem
418 2324 547 2357 calcare
570 2324 765 2364 improbum,
959 2325 1129 2359 Mutorum
1151 2325 1283 2367 linguae
1305 2324 1374 2365 jam
1399 2325 1526 2364 sonent,

253 2371 415 2406 Mundum
440 2381 557 2405 sanare
582 2373 780 2414 languidum.
965 2374 1081 2408 Claudi
1105 2374 1140 2407 in
1166 2382 1336 2407 occursum
1360 2373 1497 2415 pergite.

251 2432 273 2455 D
279 2440 292 2456 r
297 2438 310 2456 e
315 2439 331 2455 v
336 2440 349 2456 e
354 2440 366 2457 s
373 2449 380 2460 ,
395 2432 543 2461 Hymnarius
557 2432 748 2457 Moissiacensis.
1353 2427 1371 2458 6
