1655 2624
691 69 927 105 -84„-

141 170 172 203 3.
202 167 343 201 Crimina
369 169 445 200 laxa
467 168 589 208 pietate
612 168 724 211 multa,

196 216 302 249 Ablue
314 216 436 255 sordes,
454 215 584 248 vincula
597 216 771 257 disrumpe,

195 264 298 296 Parce
320 263 474 304 peccatis,
501 263 610 296 releva
626 264 772 304 jacentes

275 311 420 344 Dextera
443 314 510 346 tua.

159 395 166 402 .
193 369 240 401 Te
272 369 342 401 sine
374 371 458 401 tetro
492 369 664 409 mergimur
695 378 771 409 pro—

469 415 580 457 fundo,

192 463 348 496 Labimur
364 465 432 496 alta
448 464 579 496 sceleris
597 464 655 496 sub
672 464 769 505 unda,

191 511 330 545 Brachio
354 515 410 545 tuo
435 513 592 545 trahimur
617 511 660 545 ad
683 512 770 544 clara

277 558 394 592 Sidera
417 560 507 593 coeli.

158 641 166 650 .
194 616 330 657 Christe,
342 618 399 649 lux
411 626 499 658 vera.
514 618 640 650 bonitas
651 620 683 648 et
691 618 768 659 vita,

192 664 351 698 Gaudium
360 665 481 706 mundi,
491 666 596 706 pietas
603 666 768 706 immensa,

833 169 865 202 6.
891 166 1003 200 lnsere
1027 168 1135 206 tuum,
1158 165 1309 205 petimus,
1336 172 1477 196 amorem

891 214 1057 247 Mentibus
1080 213 1210 254 nostris,
1237 212 1315 246 fidei
1339 211 1481 246 refunde

889 262 1014 295 Lumen
1031 264 1208 301 aeternum,
1233 261 1378 294 caritatis
1396 269 1478 301 auge

974 310 1200 344 Dilectionem.

856 396 863 403 .
890 368 940 402 Tu
975 367 1069 400 nobis
1106 368 1192 400 dona
1216 366 1340 400 fontem
1368 367 1476 407 lacry-

1164 424 1302 456 marum,

891 463 1091 505 Jejuniorum
1118 463 1218 497 fortia
1240 463 1400 507 ministra,

887 511 976 545 Vitia
1001 512 1107 544 carnis
1131 512 1223 544 milia
1246 512 1385 544 retunde

980 561 1121 593 Framea
1143 562 1211 594 tua.

854 643 863 651 .
889 618 1009 651 Procul
1025 626 1045 649 a
1062 618 1155 650 nobis
1172 617 1318 657 perfidus
1337 617 1477 650 absistat

889 665 1022 709 Sathan‚
1036 674 1057 697 a
1068 666 1130 697 tuis
1143 665 1268 698 viribus
1279 664 1473 706 confractus,

193 712 253 752 Qui
275 721 333 745 nos
359 722 379 745 a
401 716 504 745 morte
529 722 621 746 roseo
637 713 771 746 salvasti

276 759 436 801 Sanguine
459 764 533 802 tuo;

890 713 1027 747 Sanctus
1054 714 1186 746 assistat
1210 714 1355 755 spiritus,
1383 724 1402 746 a
1418 716 1478 746 tua

974 761 1059 795 Sede
1086 761 1246 794 dimissus.

438 829 469 861 9.
498 827 610 860 Gloria
641 827 713 860 Deo
739 829 782 860 sit
807 831 939 861 aeterno
965 829 1062 868 patri,

495 875 544 908 Sit
568 875 629 907 tibi
653 884 792 918 semper,
817 877 972 916 genitoris
997 878 1084 917 nate,

500 923 579 956 Cum
605 932 667 964 quo
693 923 837 964 aequalis
862 923 998 965 spiritus
1023 933 1083 965 per
1106 926 1224 957 cuncta

668 970 805 1004 Saecula
831 974 955 1013 regnat.

212 1046 275 1073 Pol.
303 1046 341 1073 64
367 1055 394 1074 a.
423 1061 462 1065 -—
481 1046 541 1074 Die
567 1049 644 1074 erste
665 1045 790 1083 Strophe
818 1047 869 1075 bei
888 1047 1001 1075 Daniel
1019 1047 1045 1075 1-
1066 1047 1122 1075 262
1143 1046 1223 1075 nach
1242 1048 1302 1076 den
1318 1049 1472 1083 Hymen-

131 1084 336 1121 sammlungen
354 1084 404 1112 des
427 1084 472 1111 16.
492 1083 595 1112 Jahrh.
615 1100 656 1105 —
677 1084 702 1117 3,
728 1087 741 1113 1
767 1084 898 1113 Crimine
918 1086 973 1113 Hs.
992 1101 1030 1106 —
1052 1086 1077 1119 6,
1105 1087 1116 1114 1
1143 1090 1225 1114 tuo...
1246 1094 1348 1115 amore
1363 1088 1419 1115 Hs.
1434 1103 1474 1107 -

133 1123 165 1156 9,
193 1124 212 1150 4
237 1131 343 1158 regnas
363 1123 418 1150 Hs.
441 1137 477 1141 —
498 1121 551 1150 Ich
578 1123 650 1150 fand
675 1123 732 1150 den
752 1124 892 1157 Hymnus
914 1123 1026 1151 bereits
1046 1125 1079 1151 in
1097 1124 1206 1153 Diui-n.
1225 1125 1377 1153 Francise.
1400 1124 1471 1153 Cod.

133 1162 259 1196 Pragen.
286 1160 353 1188 VH.
374 1162 413 1190 H.
436 1161 461 1189 9.
490 1169 566 1189 saec.
591 1162 624 1189 15
655 1161 714 1189 und
731 1162 818 1189 Brev.
840 1162 990 1190 Francisc.
1021 1161 1092 1191 Cod.
1113 1171 1136 1190 s.
1158 1171 1186 1191 n.
1209 1163 1283 1191 bibl,
1304 1164 1472 1193 Rossianae

135 1207 215 1227 saec.
239 1198 281 1227 14.
314 1199 479 1227 Varianten
498 1200 599 1228 bieteu
618 1201 662 1227 sie
681 1199 779 1228 keine.

759 1304 842 1344 114.

681 1388 729 1420 Ad
748 1389 898 1422 Tertiam.

134 1469 166 1504 1.
207 1467 280 1500 Jam
307 1470 358 1500 ter
382 1470 546 1509 quaternis
571 1469 712 1501 trahitur
830 1473 861 1504 5.
901 1470 970 1503 Nos
997 1480 1072 1511 ergo
1098 1472 1188 1513 signo
1216 1472 1338 1505 domini

203 1515 302 1548 Horis
329 1517 398 1549 dies
423 1516 466 1548 ad
490 1525 670 1558 vesperum,

205 1563 328 1596 Occasu
352 1565 401 1596 sol
425 1565 630 1604 praenuntiat
901 1566 953 1599 Ne
977 1576 1111 1608 serpens
1136 1568 1195 1600 ille
1220 1569 1357 1601 callidus

204 1611 317 1644 Noctis
342 1613 451 1645 redire
475 1615 631 1653 tempora.
900 1615 1051 1649 Intrandi
1075 1618 1213 1657 temptet
1237 1616 1373 1651 aditum.

130 1671 166 1704 2.
204 1669 243 1701 In
268 1671 343 1701 actu
366 1669 633 1710 quadragesimae
830 1674 861 1707 6.
901 1673 967 1707 Sed
995 1673 1094 1706 armis
1117 1674 1297 1715 pudicitiae

204 1717 253 1749 Tu
278 1717 322 1750 sis
349 1718 547 1759 redemptor,
576 1718 712 1758 domine,
900 1720 995 1754 Mens
1024 1721 1107 1754 fulta
1132 1723 1210 1763 vigil
1235 1723 1359 1756 liberae

204 1764 356 1797 Guberna
377 1768 448 1798 tuos
472 1764 620 1807 famulos,
900 1769 1083 1803 Sobrietate
1112 1771 1229 1803 comite

204 1813 288 1853 Quos
317 1813 484 1846 redemisti
508 1815 672 1854 sanguine.
900 1817 1037 1850 Hostem
1065 1819 1205 1859 repellat
1227 1820 1424 1861 improbum.

128 1872 164 1904 3.
203 1871 265 1911 Da,
295 1873 331 1902 ut
355 1875 468 1904 nostra
487 1872 610 1912 jejunia
830 1876 862 1909 7.
901 1875 966 1908 Sed
991 1884 1053 1908 nec
1078 1876 1223 1909 ciborum
1248 1878 1385 1918 crapula

205 1919 278 1951 Sint
300 1918 363 1951 tibi
383 1922 477 1960 grata
498 1920 626 1961 jugiter,
900 1923 1049 1956 Tandem
1075 1924 1243 1957 distendat
1267 1934 1414 1967 empora,

205 1966 341 2006 Repelle
365 1968 618 2010 somnolentiam,
900 1971 952 2004 Ne
976 1972 1010 2005 vi
1034 1980 1095 2013 per
1119 1982 1265 2005 somnum
1290 1974 1431 2006 animam

205 2013 256 2045 Ne
279 2014 471 2054 pigritantes
492 2015 617 2048 obruat.
899 2019 1117 2052 Ludificatam
1141 2021 1276 2061 polluat.

127 2073 165 2106 4.
205 2071 255 2103 Tu
280 2081 314 2104 es
337 2072 372 2103 in
393 2081 487 2104 cruce
510 2073 635 2113 positus
830 2078 861 2110 8.
898 2078 1046 2119 Praesta,
1070 2077 1168 2111 beata
1191 2079 1332 2120 trinitas,

204 2119 255 2151 De
276 2128 373 2152 manu
396 2121 498 2152 hostis
525 2120 644 2161 callidi,
902 2124 1052 2157 Concede
1075 2125 1214 2167 simplex
1238 2127 1355 2169 unitas,

205 2167 371 2208 Serpentis
396 2168 590 2201 atrocissimi
901 2172 949 2206 Ut
973 2171 1141 2205 fructuosa
1163 2174 1229 2207 sint
1251 2175 1315 2208 tuis

204 2217 312 2257 Atque
339 2216 486 2250 draconis
506 2216 646 2257 pessimi.
902 2219 1102 2260 Jejuniorum
1128 2232 1271 2258 munera.

899 1518 1054 1552 Tutemus
1080 1520 1223 1552 claustra
1246 1521 1399 1561 pectoris,

209 2292 618 2326 F01.64b.-St115
644 2293 708 2321 und
731 2294 917 2324 lbeiDau.
938 2295 963 2322 1.
985 2296 1032 2325 81.
1053 2298 1136 2332 -1,
1158 2298 1175 2326 3
1198 2302 1413 2331 occasumHs.
1435 2318 1474 2322 —

129 2332 160 2367 2,
187 2332 198 2358 l
219 2332 256 2359 In
275 2331 463 2360 hactumHs.
483 2348 522 2352 —
543 2331 570 2365 2,
593 2332 611 2359 2
632 2334 812 2362 tuscisHs.
833 2349 872 2353 —
893 2335 919 2369 2,
943 2335 962 2362 4
983 2319 1229 2372 sangiiineniHs.
1248 2354 1289 2358 —
1310 2340 1335 2374 3,
1359 2341 1375 2369 3
1393 2350 1473 2370 som-

128 2369 268 2400 :nolentia
281 2370 336 2399 Hs.
356 2385 396 2390 —
414 2371 441 2401 4,
464 2371 481 2398 2
501 2371 538 2399 de
556 2379 676 2399 manum
688 2371 745 2402 Hs.
759 2388 798 2393 —
813 2373 869 2407 8,1
884 2356 945 2401 D⁷ie
957 2374 1131 2411 Doxologie
1145 2385 1202 2404 nur
1216 2378 1404 2416 angeffiangen
1416 2381 1473 2410 Hs.
