1655 2624
635 53 872 89 *44—

119 180 125 187 .
164 153 210 185 Et
233 161 292 185 nos
317 153 492 193 psallamus
517 151 635 192 spiritu
790 152 823 184 4.
862 149 976 183 Gloria
998 149 1070 189 tibi,
1093 149 1233 192 trinita-5,

163 200 389 234 Adhaerentes
414 200 580 240 apostolis,
861 197 1019 238 Aequalis
1044 207 1109 230 una
1135 197 1249 237 deitas,

165 248 225 288 Qui
249 251 372 281 mentes
396 247 520 280 habent
546 246 679 288 debiles,
861 245 907 279 Et
931 249 1006 278 ante
1031 254 1125 278 omne
1149 245 1311 278 saeculum

165 296 284 330 Christi
308 296 460 328 virtutem
486 294 631 335 diligant.
861 293 908 327 Et
931 302 1017 326 nunc
1041 296 1073 325 et
1096 294 1130 326 in
1156 296 1360 334 perpetuum.

168 361 231 390 Fol.
257 361 291 390 12
312 369 337 389 a.
416 360 494 389 Dan.
515 360 539 387 Ι.
564 361 611 389 45.
632 374 670 380 —-
689 361 757 389 Von
779 360 831 389 der
849 359 1020 396 Doxologie
1036 368 1092 387 nur
1113 360 1139 394 4,
1164 361 1188 388 1,
1209 359 1264 387 Hs.

576 539 618 572 De
636 539 786 581 passione
807 538 940 571 Domini.

119 639 126 646 .
164 612 285 653 Pange,
310 612 431 653 lingua,
457 612 591 652 gloriosi
789 613 823 644 4.
862 610 997 651 Quando
1022 611 1112 644 venit
1128 619 1204 652 ergo
1227 610 1313 643 sacri

210 659 368 701 proelium
396 659 578 692 certaminis
909 658 1077 698 plenitudo
1103 659 1269 699 temporis,

161 706 208 740 Et
232 716 330 748 super
356 708 458 740 crucis
486 707 677 747 trophaeum
861 706 981 739 Missus
1008 709 1057 739 est
1081 707 1122 739 ab
1145 715 1220 739 arce
1244 706 1349 747 patris

211 755 263 787 dic
287 756 485 795 triumphum
511 755 664 796 nobilem,
908 757 1003 786 natus
1028 754 1117 787 orbis
1140 755 1288 788 conditor

166 803 312 842 Qualiter
336 803 524 843 redemptor
549 802 636 835 orbis
859 803 910 835 Ac
935 803 976 835 de
1002 805 1113 835 ventre
1138 802 1289 843 virginali

209 850 392 883 immolatus
416 850 541 883 vicerit.
910 858 1006 882 carne
1031 849 1136 883 factus
1162 851 1296 891 prodiit.

107 947 126 962 ·.
163 926 215 959 De
239 928 385 967 parentis
409 926 603 969 protoplasti
789 928 820 961 5.
859 926 956 967 Vagit
980 925 1088 959 infans
1113 927 1199 959 inter
1223 931 1296 959 arta

208 973 324 1008 fraude
348 974 454 1008 factor
480 975 665 1016 condolens,
908 974 1030 1014 positus
1056 975 1239 1015 praesepia,

165 1022 299 1061 Quando
325 1023 413 1063 pomi
438 1023 575 1056 noxialis
859 1022 1009 1055 Membra
1031 1022 1147 1064 pannis
1172 1024 1319 1056 involuta

209 1074 313 1102 morte
341 1080 428 1102 mors
454 1070 613 1111 occubuit,
907 1075 998 1112 virgo
1023 1073 1127 1102 mater
1153 1070 1277 1112 alligat,

160 1118 236 1159 Ipse
260 1119 382 1160 lignum
407 1121 484 1151 tunc
508 1118 642 1160 notavit,
860 1118 906 1151 Et
929 1118 1031 1159 pedes
1056 1127 1235 1159 manusque
1262 1128 1359 1152 crura

211 1166 327 1199 damna
351 1167 431 1207 ligni
456 1170 492 1198 ut
518 1167 667 1200 solveret.
907 1167 1022 1199 stricta
1047 1166 1147 1208 cingit
1171 1166 1284 1200 fascia.

113 1267 121 1275 .
160 1241 233 1275 Hoc
258 1251 338 1282 opus
363 1247 494 1276 nostrae
518 1244 632 1276 salutis
790 1245 822 1278 6.
864 1243 977 1276 Gloria
1002 1246 1035 1275 et
1059 1243 1161 1275 honor
1185 1242 1256 1276 Deo

210 1291 290 1323 ordo
318 1291 561 1332 depoposcerat,
908 1299 1072 1332 usquequo
1098 1291 1266 1333 altissimo,

161 1337 372 1371 Multiformis
395 1339 573 1379 proditoris
859 1339 934 1372 Una
958 1340 1045 1380 patri
1068 1337 1210 1379 filioque,

218 1394 272 1418 ars
297 1389 333 1418 ut
359 1389 462 1419 artem
487 1386 626 1428 falleret,
909 1387 1021 1420 inclito
1047 1387 1216 1428 paraclito,

162 1433 208 1465 Et
231 1433 392 1467 medelam
415 1433 517 1468 ferret
540 1435 629 1476 inde,
863 1435 923 1468 Cui
946 1436 1018 1468 laus
1043 1438 1093 1468 est
1118 1437 1153 1467 et
1174 1437 1320 1476 potestas

209 1482 310 1514 hostis
337 1482 424 1515 unde
448 1483 596 1516 laeserat.
909 1493 969 1523 per
991 1487 1124 1516 aeterna
1148 1480 1287 1516 saecula.

170 1546 236 1575 Fol.
263 1548 298 1576 12
320 1556 346 1575 a.
367 1549 424 1576 mit
441 1548 511 1577 Mel.
529 1563 567 1568 —-
586 1549 663 1578 Dan.
679 1549 704 1578 Ι.
728 1549 792 1578 163.

692 1718 814 1751 Alius.

114 1812 122 1820 .
162 1786 280 1820 Lustra
308 1797 364 1821 sex
392 1789 446 1829 qui
467 1789 536 1829 jam
559 1792 694 1830 peracta
790 1791 822 1824 3.
863 1789 950 1823 Crux
974 1788 1081 1823 fidelis
1106 1791 1193 1823 inter
1217 1800 1338 1832 01111105,

210 1840 337 1877 tempus
360 1837 498 1877 implens
522 1838 677 1883 corporis,
909 1839 1008 1871 arbor
1031 1848 1098 1871 una
1121 1839 1251 1880 nobilis,

164 1882 206 1916 Se
231 1885 362 1918 volente
386 1888 481 1918 natus
505 1886 549 1920 ad
573 1887 645 1928 hoc,
860 1886 961 1919 Nulla
985 1887 1069 1920 silva
1092 1889 1192 1920 talem
1215 1886 1345 1927 profert

211 1934 356 1973 passioni
387 1934 525 1977 deditus,
910 1933 1037 1977 fronde,
1063 1933 1153 1976 flore,
1180 1937 1333 1978 germine,

162 1979 275 2021 Agnus
300 1981 334 2012 in
361 1990 455 2013 cruce
478 1982 604 2015 levatus
861 1982 966 2015 Dulce
990 1982 1122 2024 lignum,
1151 1983 1261 2015 dulces
1288 1984 1382 2025 clavi,

212 2028 427 2061 immolandus
456 2030 579 2070 stipite.
910 2031 1004 2063 dulce
1029 2031 1156 2071 pondus
1182 2032 1353 2066 sustinent.

116 2131 123 2138 .
162 2105 227 2138 Hic
251 2109 387 2149 acetum,
414 2104 470 2147 fel,
497 2107 633 2147 arundo,
788 2108 823 2140 4.
859 2106 975 2139 Flecte
999 2116 1118 2148 ramos,
1144 2108 1243 2141 arbor
1267 2108 1346 2150 alta,

212 2156 316 2197 sputa,
344 2155 463 2196 clavus,
489 2155 614 2197 lancea,
909 2158 1001 2188 tensa
1024 2156 1100 2188 laxa
1124 2156 1260 2197 viscera,

160 2201 246 2234 Mite
271 2211 387 2242 corpus
409 2200 607 2243 perforatur,
858 2202 904 2236 Et
929 2203 1016 2244 rigor
1039 2204 1199 2236 lentescat
1218 2204 1286 2248 ille,

211 2250 340 2291 sanguis
365 2251 454 2285 unda
476 2249 618 2292 profluit,
909 2260 1002 2292 quem
1029 2252 1121 2285 dedit
1144 2254 1311 2296 nativitas,

163 2297 275 2338 Terra,
301 2302 430 2340 pontus,
457 2302 556 2341 astra,
573 2300 722 2341 mundus,
861 2299 908 2333 Ut
932 2302 1064 2341 superni
1087 2301 1234 2336 membra
1258 2303 1343 2343 regis

212 2355 274 2387 quo
297 2347 450 2380 lavantur
473 2345 613 2380 flumine.
907 2348 980 2380 miti
1004 2349 1143 2382 tendant
1169 2348 1209 2395 (l)
1236 2351 1360 2392 stipite.
