1655 2624
736 72 978 108 ,..75-Π

184 170 215 203 7.
254 169 293 202 In
318 169 368 202 his
394 174 534 211 paterna
552 171 665 213 gloria,
884 173 915 205 8.
943 171 1094 211 (renunc,
1111 171 1309 213 redemptor,
1319 177 1520 211 quaesumus,

255 218 296 251 In
318 218 371 251 his
395 220 547 252 voluntas
571 219 717 260 spiritus,
942 218 989 254 Ut
1012 219 1234 260 apostolorum
1259 217 1419 251 consortio

253 265 410 300 Exsultat
433 268 468 299 in
493 268 543 300 his
569 267 665 309 filius,
943 267 1065 308 Jungas
1095 269 1266 307 precantes
1291 265 1436 298 servulos

258 315 391 348 Goelum
416 315 563 356 repletur
588 316 716 358 gaudio,
942 316 980 348 In
1006 314 1205 356 sempiterna
1228 313 1369 346 saecula.

263 380 330 409 Fol.
350 382 389 409 44
411 389 437 409 a.
457 382 516 409 mit
533 382 604 410 Mel.
624 397 663 401 —
683 383 761 409 Dan.
781 382 806 410 I.
830 383 864 409 27
875 391 882 414 ς
910 382 1000 409 Mone
1021 381 1087 409 662.
1115 396 1155 400 -
1182 381 1208 416 1,
1229 380 1246 407 2
1266 378 1409 407 verstsssst
1426 386 1522 415 gegcn

186 420 240 447 das
261 419 430 454 Versmass,
457 419 685 456 urspriinglich:
712 419 755 448 Et
772 423 937 455 martyrum
955 420 1109 447 victorias.
1132 433 1167 437 —
1191 421 1222 453 1,
1245 418 1261 446 3
1284 420 1367 446 sonst
1385 417 1520 445 ferentes.

184 473 224 478 ——-
246 458 278 492 3,
309 458 326 486 3
348 458 526 495 compendia
545 458 600 486 Hs.
621 473 660 477 -
681 461 712 493 5,
743 459 755 486 1
778 458 912 495 pendunt
932 459 987 486 Hs.
1008 473 1047 477 —
1069 459 1100 491 5,
1128 459 1147 485 4
1167 457 1282 493 gloriae
1302 456 1356 483 Hs.
1377 457 1410 483 in
1430 454 1522 483 leicht

188 496 386 525 erklfirlicher
404 496 664 532 Verweehselung.
686 511 723 516 —
745 497 770 531 8,
795 499 810 525 2
832 497 890 524 wie
911 497 988 524 oben
1010 497 1034 530 1,
1058 497 1083 524 2.

556 665 592 698 In
614 665 721 697 natali
742 665 952 706 plurimorum
968 666 1154 705 martyrum.

188 738 219 771 1.
258 736 331 769 Rex
356 736 497 777 gloriose
521 736 718 778 praesulum,
884 738 916 770 3.
954 736 1004 769 Tu
1028 737 1131 768 vincis
1157 736 1190 768 in
1217 734 1415 775 martyribus

257 785 385 818 Corona
410 782 639 825 confitentium,
954 784 1124 819 Parcendo
1152 782 1398 819 confessoribus,

255 832 317 872 Qui
341 835 531 873 respuentes
556 836 687 865 terrena
954 832 1004 866 Tu
1028 835 1122 865 vince
1145 837 1258 864 nostra
1284 831 1417 863 crimina

256 881 414 914 Perducis
440 880 483 913 ad
509 881 671 913 coelestia.
954 881 1114 914 Donauclo
1140 879 1385 921 indulgentiam.

183 950 215 981 2.
253 949 376 982 Aurem
401 947 574 987 benignam
598 948 746 987 protinus
882 949 915 980 4.
958 948 1104 989 Praesta,
1131 951 1226 987 pater
1250 947 1394 986 piissime

255 997 396 1037 Appoue
420 995 541 1028 nostris
565 995 709 1036 vocibus,
954 996 1112 1036 Patrique
1144 1003 1275 1035 compar
1299 994 1403 1034 unice,

256 1043 430 1084 Trophaea
453 1052 548 1075 sacra
572 1044 751 1085 pangimuS,
956 1042 1033 1076 Cum
1059 1043 1177 1083 spiritu
1201 1043 1359 1083 paraclito

253 1092 391 1133 Ignosce
413 1091 501 1132 quod
526 1091 730 1132 deliquimus.
951 1090 1047 1124 Nunc
1071 1093 1106 1123 et
1128 1099 1187 1130 per
1211 1098 1307 1122 omne
1329 1090 1503 1122 saeculum.

259 1158 324 1186 Pol.
346 1159 381 1187 44
397 1158 426 1186 b.
447 1158 503 1185 mit
515 1157 586 1185 Mel.
613 1171 645 1177 -—
663 1158 740 1186 Dan.
762 1158 785 1185 Ι.
808 1157 878 1192 248;
901 1158 990 1186 Mone
1006 1157 1071 1185 732.
1089 1172 1127 1178 —
1144 1157 1168 1191 1,
1187 1159 1199 1185 1
1218 1156 1318 1184 Uober
1333 1156 1518 1193 praesulunu

180 1199 346 1233 martyrum
366 1197 421 1225 Hs.
443 1210 480 1216 —
510 1198 532 1230 1,
555 1196 572 1223 2
595 1195 726 1224 Coronas
747 1196 802 1224 Hs.
822 1211 861 1216 —-
880 1196 940 1224 Die
959 1196 1128 1233 Doxologie
1151 1205 1208 1223 nur
1227 1192 1395 1231 begonnen.
1416 1195 1470 1222 Hs.

723 1376 814 1409 Alius
835 1377 979 1416 hymnus.

184 1451 216 1484 1.
240 1449 565 1482 Sanctorummeritis
578 1448 691 1481 inclita
703 1448 822 1490 gaudia
880 1450 913 1482 4.
938 1447 1125 1483 Caeduntur
1145 1446 1264 1488 gladiis
1289 1455 1378 1479 more
1404 1446 1518 1479 biden-

239 1498 431 1539 Pangamus‚
442 1497 533 1539 socii,
548 1499 702 1538 gestaque
712 1496 820 1537 fortia,
1214 1495 1305 1538 tium,

237 1546 322 1579 Nam
333 1546 440 1588 gliscit
451 1545 575 1578 animus
585 1554 735 1586 promere
745 1554 819 1577 can·
935 1544 1010 1576 Non
1020 1552 1163 1576 murmur
1171 1547 1313 1584 resonat,
1320 1551 1384 1575 non
1392 1543 1518 1583 quaeri-

517 1594 604 1626 tibus
1214 1592 1333 1635 monia,

303 1644 470 1676 Victorum
499 1651 602 1695 genus
629 1642 796 1683 optimum.
937 1640 1003 1675 Sed
1034 1640 1132 1673 corde
1172 1640 1271 1673 tacito
1309 1648 1399 1672 mens
1438 1640 1520 1672 bene

1215 1689 1344 1721 conscia

181 1712 215 1744 2.
237 1710 302 1742 Hic
317 1713 394 1743 sunt
417 1718 497 1751 quos
521 1710 664 1741 retinens
681 1709 821 1742 mundus
1002 1737 1181 1770 conservat
1204 1737 1395 1778 patientiam

515 1758 685 1798 inhorruit,

237 1807 349 1847 Ipsum
385 1815 460 1838 nam
493 1806 597 1838 sterili
630 1804 710 1837 flore
744 1814 819 1846 per·
880 1807 912 1840 5.
935 1805 1023 1845 Quae
1048 1815 1125 1848 vox,
1159 1813 1241 1846 quae
1264 1804 1385 1845 poterit
1409 1805 1520 1847 lingua

517 1854 643 1886 aridum
1213 1856 1370 1897 retexere,

238 1903 400 1944 Sprevere
433 1903 562 1944 penitus
593 1907 689 1943 teque
718 1904 820 1936 secuti
935 1902 1024 1942 Quae
1032 1905 1068 1935 tu
1076 1903 1274 1942 martyribus
1283 1911 1417 1936 munera
1424 1910 1519 1944 prae-

515 1955 601 1993 sunt,
1213 1960 1323 1995 paras,

300 2001 373 2034 Rex
398 2000 528 2034 Christe
553 2000 647 2040 bone,
675 2000 817 2033 coelitus.
935 1999 1040 2032 Rubri
1049 2008 1126 2033 nam
1137 1998 1237 2033 fluido
1249 2000 1405 2042 sanguine
1416 2000 1521 2033 laurei

179 2071 212 2104 3.
234 2069 280 2104 Hi
304 2079 365 2110 pro
390 2071 424 2100 te
449 2067 551 2101 furias
577 2072 674 2108 atque
698 2067 821 2102 ferocia
998 2047 1154 2081 Ditantur
1185 2049 1269 2082 bene
1293 2048 1420 2091 fUlgidi·

237 2117 413 2153 calcarunt
452 2117 617 2151 hominum
659 2125 819 2158 saevaque
881 2118 912 2150 6.
932 2117 1518 2161 Te,trinadeitasunaque‚poscimus,

513 2166 662 2207 verbera,
934 2166 978 2200 Ut
986 2166 1097 2207 culpas
1104 2165 1520 2206 abluasmoxiasubtrahas.

236 2213 341 2247 Cessit
363 2214 415 2247 his
440 2216 588 2249 lacerans
609 2213 740 2248 fortiter
760 2224 819 2247 un·
932 2215 1000 2248 Des
1020 2224 1135 2256 pacem
1153 2214 1293 2252 famulis,
1320 2224 1379 2248 nos
1395 2223 1518 2256 quoque

514 2264 591 2306 gula
1216 2264 1350 2305 gloriam

300 2312 370 2345 Nec
394 2312 517 2354 carpsit
542 2313 734 2354 penetralia.
1000 2313 1064 2345 Per
1086 2316 1202 2345 cuncta
1224 2311 1285 2344 tibi
1309 2312 1449 2345 saecula.

257 2381 321 2409 Fol.
342 2381 379 2409 45
401 2388 428 2408 a.
449 2383 508 2410 mit.
523 2381 594 2409 Mel.
614 2396 654 2400 -—
675 2380 753 2409 Dan.
774 2381 798 2409 1.
820 2379 886 2410 203.
908 2394 946 2399 ·—
967 2380 994 2414 6,
1016 2379 1032 2408 3
1054 2379 1153 2416 gloria
1174 2379 1229 2408 Hs.
