1655 2624
642 55 881 94 *74-

464 156 518 189 11.
548 154 661 190 Gloria
686 156 719 185 et
741 152 845 185 honor
868 152 949 192 Deo,

594 202 665 234 laus
691 205 723 233 et
745 200 939 240 benedictio,

547 250 728 290 Genitoque
753 248 934 288 Nazareno,

592 297 688 330 simul
714 301 746 329 et
769 296 938 340 paraclito,

545 345 606 386 Qui
630 354 805 386 supernum
830 347 920 377 tenet
944 353 1079 385 regnum

589 396 758 434 permanet
780 394 814 425 in
839 393 977 425 saecula.

172 463 236 490 Fol.
264 462 299 489 42
321 461 348 489 b.
369 462 425 489 mit
442 460 512 489 Mel.
566 477 572 480 -
596 460 673 488 Dan.
694 461 716 487 Ι.
739 461 809 493 239ς
830 459 920 487 Mene
946 460 1009 487 251,
1032 472 1072 478 ——
1092 456 1150 485 Str.
1174 459 1188 484 ‘1'
1211 457 1271 485 und
1296 457 1331 485 10
1353 457 1428 490 sind,

95 500 175 528 wohl
195 509 254 529 von
275 501 406 537 spaterer
420 498 516 533 Hand,
539 499 808 535 dui-ehgestrichen.
829 513 867 518 -—
893 499 916 532 1,
941 498 951 526 1
969 497 1134 525 Ibi-usalem
1156 496 1211 525 Hs.
1232 512 1272 516 —-
1294 497 1320 530 3,
1344 497 1360 524 5
1376 504 1429 531 pro

95 537 208 572 Christi
220 547 328 567 nomen
341 539 395 566 Hs.
417 553 454 558 —
477 540 504 573 4,
517 539 533 566 5
555 538 765 573 permansuris.
782 552 818 556 —
839 537 865 570 Ἴ,
879 538 894 565 5
915 536 957 565 Et
976 537 1110 573 praemia
1127 536 1308 570 sempiterna
1320 534 1377 562 Hs.
1391 552 1396 554 -

98 577 124 611 9,
148 580 163 605 3
185 577 322 613 adeptam
347 575 402 605 Hs.
422 592 461 596 —
485 577 527 611 10,
550 577 566 605 3
587 577 772 605 recursione->s
792 575 847 604 Hs.
870 590 909 594 —
934 576 975 611 10,
997 575 1013 603 5
1032 572 1072 602 Et
1091 573 1177 602 huncz
1199 573 1253 601 Hs.

569 754 711 794 Hymnus
734 753 775 786 ad
793 761 956 795 vesperas.

792 827 824 858 4.
869 825 1009 864 Quorum
1034 826 1209 864 praecepto
1236 822 1388 856 subditur

864 872 957 905 Salus
984 876 1015 904 et
1040 872 1178 912 languor
1200 870 1352 912 omnium,

862 920 981 953 Sanate
1006 928 1119 960 aegros
1141 918 1295 958 moribus,

862 968 930 1001 Nos
948 967 1131 1001 reddentes
1156 965 1341 1000 virtutibus.

98 828 130 860 1.
170 827 322 859 Exsultet
346 827 469 858 coelum
493 825 654 866 laudibus,

170 875 223 907 Re:
237 875 318 907 ultet
340 877 430 907 terra
454 873 590 915 gaudiis,

169 923 398 963 Apostolorum
423 920 559 962 gloriam

171 969 270 1003 Sacra
297 973 413 1003 canunt
436 970 601 1002 solemnia.

97 1048 131 1080 2.
168 1046 235 1079 Vos
261 1046 360 1079 saecli
382 1046 461 1086 justi
477 1045 604 1086 judices
792 1047 823 1078 5.
861 1045 909 1077 Ut
934 1053 1005 1077 eum
1027 1045 1130 1084 judex
1155 1042 1325 1076 advenerit

168 1094 214 1126 Et
237 1102 314 1127 vera
338 1094 452 1125 mundi
477 1094 606 1135 lumina,
865 1092 1010 1126 Christus
1033 1093 1067 1124 in
1091 1090 1157 1124 fine
1182 1090 1314 1131 saeculi,

862 1140 930 1173 Nos
956 1139 1144 1180 sempiterni
1170 1138 1281 1180 gaudii

861 1188 978 1221 Faciat
1002 1196 1073 1221 esse
1099 1190 1272 1228 compotes.

170 1142 261 1174 Votis
287 1150 457 1183 precamur
479 1141 632 1182 cordium,

168 1190 291 1223 Audite
315 1198 428 1230 preces
453 1189 644 1229 supplicum.

97 1268 131 1300 3.
170 1265 229 1305 Qui
260 1267 382 1298 eoelum
408 1265 505 1298 verbo
531 1264 682 1298 clauditis
792 1266 824 1299 6.
862 1264 932 1297 Deo
957 1264 1045 1304 patri
1068 1265 1112 1296 sit
1135 1264 1240 1305 gloria

171 1313 330 1353 Serasque
355 1314 422 1353 ejus
448 1313 583 1353 solvitis,
862 1312 1008 1353 EJ'usque
1032 1313 1093 1344 soli
1117 1311 1185 1344 filio

169 1361 237 1393 Nos
262 1370 282 1393 a
306 1361 446 1402 peccatis
471 1360 616 1393 omnibus
864 1360 942 1393 Cum
967 1359 1084 1401 spiritu
1109 1359 1268 1399 paraclito

174 1408 296 1442 Solvite
317 1410 418 1450 jussu,
446 1417 646 1449 quaesumus.
863 1407 958 1440 Nunc
991 1412 1024 1440 et
1047 1417 1108 1448 per
1133 1416 1227 1440 omne
1252 1408 1427 1440 saeculum.

174 1475 239 1504 Fol.
266 1475 303 1503 43
325 1476 354 1503 b.
375 1477 432 1503 mit
451 1475 523 1503 Mel.
543 1490 581 1494 —
602 1474 680 1502 Dan.
699 1475 725 1502 Ι.
749 1475 824 1509 2473
844 1474 935 1503 Mene
956 1475 1022 1503 563.
1042 1490 1052 1494 -
1099 1473 1168 1502 Von
1188 1473 1240 1502 der
1260 1474 1432 1509 Doxologie

99 1523 158 1542 nur
178 1514 229 1542 der
251 1513 369 1550 Anfang
389 1514 444 1542 Hs.
467 1529 502 1532 —
524 1515 550 1541 5.
575 1514 592 1541 2
613 1514 645 1540 in
664 1513 752 1541 finem
773 1512 885 1541 saeculi
905 1514 960 1541 Hs.

734 1606 790 1647 95.

557 1692 594 1724 In
614 1692 719 1724 natali
735 1691 965 1733 Apostolorum.

790 1766 822 1798 4.
862 1763 1049 1797 Traduntur
1070 1764 1139 1805 igni
1163 1766 1324 1805 martyres

860 1812 908 1844 Et
931 1812 1107 1845 bestiarum
1135 1811 1294 1854 dentibus,

861 1861 996 1893 Armata
1023 1861 1125 1893 saevit
1150 1861 1278 1901 ungulis

863 1908 1010 1941 Tortoris
1035 1908 1142 1941 insani
1166 1918 1289 1941 manus.

98 1766 129 1798 1.
169 1765 314 1798 Aeterna
340 1764 460 1798 Christi
483 1772 617 1796 munera

169 1813 214 1847 Et
238 1813 456 1854 apostolorum
481 1812 643 1853 victorias,

173 1861 302 1895 Laudes
328 1864 478 1894 canentes
505 1860 641 1901 debitas,

172 1909 279 1943 Laetis
306 1918 456 1943 canamus
481 1908 650 1941 mentibus.

95 1990 131 2020 2.
171 1987 392 2020 Ecclesiamm
413 1987 588 2027 principes,
793 1987 825 2020 5.
863 1985 997 2018 Nudata
1020 1986 1166 2026 pendent
1190 1985 1325 2028 viscera,

171 2035 257 2069 Belli
280 2035 493 2075 triumphales
520 2034 628 2073 duces,
865 2033 1000 2075 Sanguis
1026 2036 1171 2066 sacratus
1198 2032 1359 2075 funditur,

169 2084 324 2118 Goelestis
350 2083 444 2115 aulae
468 2083 586 2115 milites
864 2081 929 2114 Sed
955 2084 1147 2122 permanent
1170 2082 1352 2114 immobiles

169 2132 215 2165 Et
238 2140 317 2165 vera
339 2131 453 2164 mundi
477 2131 607 2165 lumina,
865 2130 960 2163 Vitae
985 2131 1134 2172 perennis
1160 2131 1275 2171 gratia.

97 2213 131 2243 3.
171 2209 311 2242 Terrore
334 2208 420 2243 victo
446 2207 567 2240 saeculi
793 2210 824 2242 6.
862 2207 990 2241 Devota
1014 2210 1198 2240 sanctorum
1222 2206 1316 2247 fides,

167 2257 347 2298 Poenisque
371 2256 489 2297 spretis
515 2257 659 2297 corporis

166 2305 285 2338 Mortis
310 2314 424 2338 sacrae
449 2304 638 2346 compendio

166 2354 274 2388 Vitam
299 2354 427 2387 beatam
451 2353 629 2394 possident.

864 2256 990 2290 Invicta
1014 2264 1089 2298 spes
1115 2256 1329 2299 credentium,

862 2304 1015 2339 Perfecta
1040 2303 1163 2337 Christi
1187 2305 1306 2339 caritas

865 2353 983 2386 Mundi
1008 2352 1188 2394 triumphat
1212 2354 1406 2395 principem.
