1655 2624
678 19 921 55 -32-

576 189 673 222 Feria
691 189 728 221 V.
768 187 816 220 Ad
834 188 1018 221 Nocturnas.

154 285 161 293 .
200 260 275 293 Nox
300 263 372 294 atra
395 270 502 293 rerum
526 260 667 301 contegit
827 260 859 293 3.
899 259 994 291 Mens
1021 266 1096 290 ecce
1120 259 1231 299 torpet
1254 257 1365 300 impia,

199 308 322 342 Terrae
346 309 470 342 colores
492 308 643 349 omnium,
898 306 1000 346 Quam
1026 306 1123 348 culpa
1146 306 1276 338 mordet
1297 306 1406 348 noxia,

198 356 265 389 Nos
292 355 480 390 confitentes
505 356 666 398 poscimus
898 355 1043 388 Obscura
1067 354 1165 395 gestit
1188 354 1306 387 tollere

197 404 254 445 Te,
278 405 365 446 Juste
385 404 488 445 judex
514 403 669 438 cordium.
894 403 941 436 Et
963 405 1006 442 te,
1032 403 1231 443 redemptor,
1259 411 1425 442 quaerere.

151 504 159 512 .
197 479 243 513 Ut
267 479 395 514 auferas
420 481 551 522 piacula
824 481 857 514 4.
896 479 942 512 Ut
965 478 998 511 in
1025 479 1121 513 beato
1149 479 1290 520 gaudeat

198 528 381 570 Sordesque
404 530 521 561 mentis
546 528 671 568 abluas,
896 528 939 561 Se
965 527 1120 560 collocari
1139 527 1271 570 lumine,

195 576 377 618 Donesque‚
406 576 542 617 Christe,
569 577 716 618 gratiam,
894 575 1032 616 Repelle
1056 578 1093 608 tu
1119 576 1289 618 caliginem

199 624 245 659 Ut
269 627 441 658 arceantur
466 625 610 657 crimina.
893 623 1092 656 Iutrinsecus
1119 632 1213 664 quam
1238 624 1388 657 maxime.

613 702 644 735 5.
683 701 829 742 Praesta,
857 703 963 742 pater.

200 777 262 806 Fol.
286 778 301 806 3
322 786 347 805 a.
368 792 406 797 —
425 777 503 805 Dan.
523 777 548 805 Ι.
573 778 626 814 543
646 775 739 805 Mone
760 777 825 806 278.

756 880 814 921 10.

585 960 621 993 In
640 960 809 993 matutinis
828 960 990 993 laudibus.

147 1056 153 1063 .
192 1032 265 1065 Lux
291 1040 365 1063 ecce
389 1032 493 1072 surgit
516 1040 625 1072 aurea,
821 1034 851 1066 3.
891 1032 946 1066 Sic
971 1035 1041 1065 tota
1067 1033 1220 1066 decurrat
1246 1033 1325 1074 dies,

192 1080 322 1113 Pallens
347 1079 486 1112 fatescat
511 1080 659 1123 caecitas,
892 1080 962 1113 Nec
986 1081 1097 1122 lingua
1113 1081 1253 1115 mendax
1269 1090 1330 1115 nec
1346 1091 1458 1117 manus

193 1128 280 1167 Quae
306 1131 432 1160 nosmet
455 1128 490 1160 iu
515 1136 671 1169 praeceps
699 1128 754 1161 diu
891 1129 986 1162 Oculi
1008 1138 1068 1161 nec
1092 1132 1230 1170 peccent
1254 1130 1372 1163 lubrici

190 1175 313 1208 Errore
336 1176 437 1208 traxit
463 1175 565 1208 devio.
890 1176 923 1210 N
925 1186 961 1209 ec
983 1186 1069 1210 noxa
1095 1187 1211 1218 corpus
1236 1179 1392 1219 inquinet.

145 1274 151 1282 .
189 1251 281 1283 Haec
305 1251 361 1283 lux
386 1259 534 1283 serenum
560 1251 705 1285 conferat
815 1254 849 1287 4.
887 1250 1080 1293 Speculator
1105 1254 1216 1287 adstat
1242 1255 1391 1296 desuper,

190 1299 358 1339 Parosque
382 1308 439 1331 nos
464 1302 610 1339 praestet
634 1300 706 1341 sibi,
890 1301 949 1341 Qui
973 1310 1032 1334 nos
1054 1301 1172 1335 uiebus
1199 1303 1347 1336 omnibus

192 1347 283 1379 Nihil
307 1347 475 1387 loquamur
498 1346 679 1390 subdolum,
887 1349 1055 1390 Actusque
1078 1352 1206 1384 nostros
1231 1351 1391 1393 prospicit

190 1394 363 1428 Volvamus
388 1395 559 1427 obscurum
583 1396 674 1430 nihil.
888 1397 919 1430 Α
944 1399 1017 1430 luce
1041 1399 1149 1440 prima
1172 1400 1207 1432 in
1233 1409 1414 1441 vesperum.

563 1474 594 1506 5.
620 1474 691 1506 Deo
716 1474 803 1514 patri
824 1474 868 1507 sit
892 1475 1005 1516 gloria.

192 1546 257 1575 Fol.
279 1548 295 1575 3
311 1555 337 1574 a.
415 1548 493 1576 Dan.
513 1549 537 1577 Ι.
561 1549 625 1577 121.

753 1654 812 1694 11.

662 1728 711 1761 Ad
729 1738 894 1771 vesperas=

141 1823 147 1829 .
187 1798 328 1839 Magnae
352 1799 440 1832 Deus
466 1800 641 1841 potentiae,
817 1804 848 1836 3.
888 1803 1025 1844 Largire
1047 1806 1170 1839 cunctis
1195 1807 1345 1849 servulis,

188 1845 248 1885 Qui
274 1855 313 1879 ex
338 1847 429 1888 aquis
455 1850 560 1880 ortum
584 1856 684 1889 genus
889 1851 973 1891 Quos
998 1853 1134 1887 mundat
1163 1855 1252 1887 unda
1277 1856 1452 1897 sanguim,

186 1894 311 1927 Partim
342 1896 481 1928 remittis
506 1897 635 1937 gurgiti,
887 1899 1025 1932 Nescire
1047 1902 1160 1943 lapsus
1187 1903 1358 1936 eriminum

185 1941 311 1974 Partim
334 1943 423 1976 levas
447 1945 482 1975 in
508 1946 604 1987 aera3
888 1947 959 1980 Nec
983 1946 1072 1983 ferre
1095 1952 1208 1984 mortis
1234 1952 1390 1988 taedium.

139 2043 147 2051 .
185 2017 335 2051 Dimersa
358 2019 499 2060 lymphis
525 2021 723 2063 imprimens,
812 2025 845 2057 4.
890 2024 934 2058 Ut
959 2025 1055 2065 culpa
1078 2027 1204 2060 nullum
1231 2028 1405 2071 deprimat,

186 2065 348 2099 Subvecta
374 2068 461 2100 coelo
485 2068 645 2111 irrogans,
884 2072 1019 2105 Nullum
1042 2074 1129 2107 levet
1150 2076 1322 2119 jactantia,

184 2114 231 2147 Ut
255 2115 358 2155 stirpe
381 2124 446 2148 una
469 2116 602 2156 prodita
883 2120 979 2153 Elisa
999 2130 1091 2155 mens
1116 2132 1159 2156 ne
1184 2125 1344 2167 concidat,

184 2162 322 2196 Diversa
345 2163 477 2204 rapiant
500 2165 586 2207 loca3
883 2168 983 2202 Elata
1006 2179 1097 2203 mens
1121 2180 1183 2204 nec
1208 2178 1349 2208 corruat.

611 2243 642 2275 5.
668 2244 814 2285 Praesta,
840 2248 945 2284 pater.

180 2318 246 2346 Fol.
271 2318 287 2346 3
308 2319 336 2346 b.
357 2333 396 2338 —
415 2318 492 2346 Dan.
515 2319 539 2347 Ι.
562 2318 608 2347 61.
