1655 2624
195 309 225 342 1.

191 512 223 544 2.

752 79 798 83 -.
847 58 892 94 47
948 80 990 85 -

836 153 894 193 45.

494 239 630 278 Hymnus
652 239 689 271 (le
708 239 832 272 Pascha
850 239 969 272 domini
990 239 1030 270 ad
1051 242 1231 271 nocturnas.

263 309 336 342 Rex
361 313 495 342 aeterne
520 310 667 350 Domine,
895 312 927 345 5.
966 310 1066 350 Quem
1093 310 1214 343 editum
1241 319 1279 342 ex
1305 310 1430 351 virgine

264 357 386 390 Rerum
413 362 539 391 creator
563 359 713 401 omnium,
963 360 1111 392 Paveseit
1135 358 1237 390 omnis
1263 358 1380 401 anima,

266 406 325 445 Qui
352 415 385 438 es
410 410 487 439 ante
510 407 640 438 saecula
961 407 1026 440 Per
1051 416 1144 447 quem
1169 414 1227 438 nos
1252 414 1424 446 resurgere

264 453 399 495 Semper
426 463 496 486 cum
521 458 615 495 patre
638 455 744 494 filius,
963 455 1092 488 Devota
1114 456 1222 486 mente
1249 454 1420 487 oredimus

263 511 323 550 Qui
348 512 461 544 mundi
485 512 519 543 in
544 511 723 552 primordio
891 513 922 546 6.
963 512 1022 551 Qui
1048 512 1139 544 nobis
1165 520 1225 551 per
1249 511 1446 552 baptismum

259 559 367 591 Adam
392 559 562 600 plasmasti
586 559 756 602 hominem,
960 559 1098 592 Donasti
1121 559 1367 599 indulgentiam,

261 606 319 640 Cui
343 611 419 639 tuae
444 607 577 647 imagini
959 608 1020 648 Qui
1043 607 1232 639 tenebamur
1255 607 1393 639 vinculis

261 656 393 688 Vultum
423 655 542 688 dedisti
567 655 721 695 similem3
959 655 1067 696 Ligati
1092 655 1323 696 conscientia03

259 716 361 752 Quem
391 713 538 745 diabolus
566 713 748 753 deceperat,
887 715 917 747 7.
956 714 1016 753 Qui
1049 722 1175 745 erucem
1201 715 1336 753 propter
1359 712 1522 744 hominem

257 761 371 793 Hostis
398 761 528 793 humani
553 761 690 800 generis,
958 761 1129 802 Suscipere
1156 761 1306 801 <lignatus
1334 769 1377 799 es,

259 810 357 850 Cujus
385 813 421 841 tu
445 807 583 841 formam
610 810 753 849 corporis
956 810 1085 842 Dedisti
1109 813 1199 841 tuum
1225 809 1413 849 sanguinem

257 859 431 890 Assumere
482 858 630 898 dignatus
655 866 707 897 es3
956 857 1097 890 Nostrae
1121 857 1235 889 salutis
1260 857 1410 897 pretium.

257 915 304 948 Ut
327 916 487 948 hominem
512 915 700 958 redimeres,
885 917 915 949 8.
960 915 1072 947 Gloria
1098 914 1170 946 tibi.
1198 914 1345 953 Domine,

260 963 360 1003 Quem
385 966 461 995 ante
483 964 550 1003 jam
576 964 807 1003 plasmaveras,
956 963 1016 1002 Qui
1041 962 1209 995 surrexisti
1232 971 1252 993 a
1273 961 1419 1001 mortuis,

255 1011 300 1043 Et
325 1020 383 1044 nos
408 1012 478 1044 Deo
503 1011 712 1051 conjungeres
956 1011 1035 1044 Cum
1059 1013 1154 1050 patre
1180 1012 1211 1040 et
1235 1012 1345 1042 sancto
1372 1008 1490 1048 spiritu

256 1059 319 1091 Per
345 1059 449 1091 earnis
477 1059 736 1098 contubernium3
954 1059 993 1091 In
1018 1059 1215 1098 sempiterna
1239 1057 1378 1089 saecula.

257 1134 321 1162 Pol.
345 1135 378 1162 15
401 1142 427 1161 a.
507 1134 584 1162 Dan.
605 1134 628 1161 1.
651 1133 696 1162 55.
718 1148 754 1152 ——
777 1134 845 1161 Von
865 1134 917 1161 der
936 1133 1106 1170 Doxologie
1126 1141 1183 1161 nur
1204 1133 1230 1165 8,
1255 1133 1267 1160 1
1290 1132 1351 1160 und
1374 1132 1400 1160 2.
1422 1132 1476 1160 Hs,

650 1323 686 1355 In
705 1323 870 1355 matutinis
890 1323 1053 1355 laudibus.

248 1396 379 1428 Aurora
403 1395 485 1427 lueis
511 1395 634 1434 rutilat,
883 1396 913 1427 6.
954 1394 1108 1427 Sermone
1132 1393 1271 1425 blandus
1297 1393 1430 1434 angelus

250 1443 383 1477 Coelum
403 1443 554 1476 laudibus
579 1443 715 1486 intonat,
952 1443 1123 1476 Praedixit
1138 1441 1340 1484 mulieribus,

246 1491 391 1524 Mundus
418 1491 570 1531 exsultat,
594 1491 724 1532 jubilat,
949 1492 988 1524 In
1016 1491 1163 1524 Galilaea
1184 1489 1342 1522 Dominus

249 1539 389 1573 Gemens
413 1539 560 1573 infernus
580 1540 695 1572 ululat.
947 1539 1118 1572 Videndus
1144 1540 1194 1570 est
1218 1538 1418 1578 quantocius.

249 1598 329 1631 Cum
354 1607 415 1631 rex
437 1598 494 1630 ille
519 1597 715 1630 fortissimus
877 1598 907 1630 7.
946 1597 1030 1629 Illae
1056 1597 1132 1629 dum
1156 1598 1297 1636 pergunt
1324 1596 1457 1639 concite,

245 1646 364 1679 Mortis
391 1645 566 1679 confractis
591 1646 714 1678 viribus
947 1645 1115 1685 Apostolis
1140 1644 1202 1677 hoc
1229 1644 1347 1685 dicere,

246 1695 336 1727 Pede
363 1695 553 1727 conculeans
577 1697 704 1726 tartara
946 1694 1104 1726 Videntes
1132 1702 1202 1725 eum
1227 1692 1339 1724 vivere

247 1743 350 1776 Solvit
376 1753 396 1775 a
419 1751 525 1784 poena
548 1743 692 1775 miseros.
947 1742 1141 1775 Oseulantur
1165 1741 1267 1781 pedes
1295 1741 1425 1773 domini.

246 1801 321 1842 Ille,
349 1801 403 1841 qui
428 1801 554 1833 clausus
579 1801 691 1841 lapide
874 1801 907 1833 8.
946 1799 1014 1839 Quo
1040 1799 1148 1841 agnito
1176 1798 1327 1838 discipuli

246 1849 436 1883 custoditur
462 1849 520 1881 sub
545 1848 659 1889 milite,
945 1849 985 1881 In
1011 1848 1191 1881 Galilaeam
1216 1855 1358 1888 propere

244 1897 486 1938 Thriumphans
511 1906 631 1938 pompa
658 1897 761 1930 nobili
944 1897 1097 1938 Pergunt,
1124 1896 1239 1928 videre
1264 1893 1381 1927 faeiem

244 1946 359 1979 Victor
384 1946 488 1988 surgit
514 1946 555 1979 de
580 1944 704 1980 funere.
942 1945 1171 1977 Desideratam
1203 1944 1333 1977 domini.

242 2005 366 2039 Solutis
389 2005 457 2045 jam
483 2004 655 2046 gemitibus
872 2004 904 2037 9.
945 2002 1040 2036 Claro
1064 2002 1212 2044 paschali
1237 2002 1354 2043 gaudio

240 2054 286 2087 Et
310 2052 432 2086 inferni
460 2053 635 2093 doloribus,
944 2052 1000 2085 Sol
1023 2052 1143 2085 mundo
1165 2051 1248 2083 nitet
1270 2051 1374 2092 radiO,

241 2103 323 2143 Quia
345 2102 488 2135 surrexit
513 2102 671 2143 dominus,
944 2101 1025 2135 Cum
1051 2100 1213 2134 Christum
1236 2100 1304 2140 jam
1321 2100 1462 2140 apostoli

238 2151 464 2192 Resplendens
491 2151 610 2183 clamat
633 2150 776 2191 angelus.
940 2149 1021 2182 Visu
1049 2150 1184 2182 cernunt
1210 2157 1376 2189 corporee.

239 2209 364 2243 Tristes
393 2212 486 2243 erant
510 2209 650 2249 apostoli
869 2208 924 2242 10.
940 2208 1078 2241 Ostensa
1099 2206 1163 2239 sibi
1188 2206 1325 2238 vulnera

237 2258 289 2291 De
313 2266 392 2290 nece
417 2258 468 2290 sui
495 2257 626 2300 domini,

238 2306 338 2346 Quem
364 2315 469 2347 poena
493 2307 606 2339 mortis
633 2305 773 2339 crudelis

239 2355 332 2389 Servi
359 2356 552 2390 damnarant
575 2355 678 2396 impii.

938 2256 977 2289 In
1003 2256 1125 2290 Christi
1151 2263 1248 2286 earne
1271 2252 1408 2295 fulgida,

938 2305 1170 2339 Resurrexisse
1193 2302 1378 2344 Dominum,

937 2354 1025 2387 Voce
1050 2352 1194 2386 fatentur
1217 2351 1360 2393 publiea.
