1655 2624
752 104 795 109 -.
844 82 891 119 43
942 103 986 107 ,-

836 177 894 219 36.

674 255 710 287 111
729 254 898 287 matutinis
918 254 1075 287 laudibus.

223 348 230 356 .
269 324 354 368 Jam,
383 326 522 364 Christe,
550 327 599 359 sol
621 327 776 369 justitiae,
899 328 930 360 3.
971 327 1195 368 Quiddamque
1219 327 1436 368 poenitentiae

271 372 385 405 Noctis
413 375 570 407 recedunt
597 374 760 415 tenebrae,
969 374 1022 418 Da
1046 373 1144 413 ferre,
1170 376 1248 407 licet
1273 375 1443 416 grandium

270 420 367 453 Nune
392 423 509 454 mentis
535 425 586 454 eat
612 422 762 462 caecitas„
968 422 1095 462 Majore
1120 426 1174 456 tuo
1199 432 1330 455 munere

270 469 435 502 Virtutum
463 473 494 502 et
517 471 574 502 lux
594 470 718 502 redeat.
969 469 1062 509 Quod
1088 472 1207 512 emptio
1232 472 1273 503 sit
1300 471 1479 503 criminum.

224 553 230 559 .
269 526 323 558 Da
347 530 474 567 tempus
500 527 701 568 acceptabile
898 528 929 562 4.
967 527 1047 559 Dies
1072 528 1171 568 venit,
1200 529 1267 561 dies
1291 532 1357 569 tua,

268 574 312 606 Et
339 575 509 614 poenitens
536 583 591 607 eor
616 575 733 615 tribue,
967 575 1033 608 Per
1056 584 1150 615 quam
1176 575 1328 608 reflorent
1354 576 1468 614 onmia,

270 621 320 654 Ne
344 632 403 655 nos
429 631 566 655 vacuum
591 625 736 655 transeat
968 622 1143 655 Laetemur
1160 624 1194 656 in
1218 624 1280 656 hac
1303 627 1340 656 ut
1364 627 1418 656 tua

269 669 350 708 Hoc,
380 671 467 711 quod
493 671 630 712 benigne
655 680 822 712 prorogas,
971 670 1035 702 Per
1059 671 1142 703 hanc
1165 672 1292 704 reducti
1316 672 1429 712 gratia.

619 731 650 763 5.
695 728 841 769 Praesta,
866 728 964 761 beata
987 729 1126 763 trinitaS.

273 794 339 822 Fol.
365 794 397 823 11
421 794 450 823 b.
472 810 510 814 —
530 795 608 822 Dan.
630 795 654 822 Ι.
679 794 749 829 235ς
770 794 861 823 Mone
882 795 929 823 69.

754 936 802 967 Ad
822 936 970 968 Tertiam.

222 1022 230 1030 .
270 994 335 1029 Dei
357 994 434 1036 fide,
464 1005 528 1036 qua
552 997 699 1037 vivimus,
901 998 931 1031 3.
971 998 1145 1029 Preeemur
1171 1006 1245 1037 ergo
1271 997 1402 1036 subditi,

269 1043 335 1084 Spe
361 1053 421 1085 per
449 1053 530 1084 eum,
556 1054 620 1085 qua
645 1044 815 1085 oredimus,
973 1045 1210 1084 Redemptione
1234 1045 1341 1087 liberi,

267 1091 333 1123 Per
359 1092 505 1124 caritatis
530 1093 667 1132 gratiam
970 1092 1016 1125 Ut
1043 1096 1135 1124 eruat
1159 1102 1179 1125 a
1204 1093 1341 1130 saeculo,

267 1138 396 1172 Christo
426 1148 576 1172 canamus
601 1140 748 1181 gloriam.
970 1141 1054 1179 Quos
1080 1140 1177 1173 solvit
1203 1150 1223 1173 a
1247 1140 1472 1181 chirographo.

220 1221 227 1228 .
267 1197 329 1237 Qui
356 1198 471 1230 duetus
496 1197 578 1230 hora
602 1198 700 1230 tertia
897 1199 930 1232 4.
970 1197 1083 1230 Gloria
1102 1198 1173 1241 tibi,
1201 1199 1341 1239 trinitas,

265 1246 322 1278 Ad
346 1246 508 1286 passionis
533 1246 682 1287 hostiam,
966 1246 1113 1286 Aequalh
1147 1256 1210 1279 una
1236 1246 1339 1279 deitas

267 1294 380 1328 Crucis
407 1292 515 1326 ferens
540 1294 717 1334 suspendia
967 1294 1013 1326 Et
1037 1296 1113 1326 ante
1138 1303 1232 1327 omne
1256 1294 1419 1326 saeculum

267 1342 367 1375 Ovem
393 1342 524 1375 reduxit
549 1343 721 1383 perditam.
967 1342 1012 1374 Et
1036 1350 1122 1373 1111116
1147 1345 1178 1374 et
1202 1343 1236 1375 in
1261 1344 1463 1383 perpetuum.

268 1408 333 1436 Fol.
358 1409 391 1436 11
414 1409 442 1437 b.
522 1409 600 1436 Dan.
622 1409 644 1436 I.
667 1409 712 1436 71.
734 1424 771 1428 —
792 1409 862 1437 Von
882 1408 1111 1445 de1·Dox.·logie
1131 1417 1187 1436 nur
1207 1409 1246 1436 (11(
1277 1418 1312 1436 :re
1321 1411 1348 1436 te
1359 1408 1438 1436 Zeile
1472 1406 1530 1434 Hs.

757 1549 805 1581 Ad
824 1549 962 1582 sextam.

218 1641 225 1647 .
261 1612 404 1645 Meridie
429 1612 586 1645 orandum
614 1615 672 1653 est,
889 1614 921 1646 3.
959 1612 1089 1653 Detque
1113 1613 1207 1646 nobis
1233 1612 1388 1645 auxilium

264 1661 477 1702 Christusque
495 1661 719 1701 deprecandus
738 1664 797 1701 est,
958 1661 1024 1694 Per
1049 1660 1181 1701 angelos
1206 1661 1382 1702 mirabiles,

261 1709 308 1742 Ut
330 1709 445 1750 ⁴jubeat
467 1718 526 1741 nos
553 1709 650 1741 edere
959 1709 1020 1749 Qui
1044 1718 1173 1749 semper
1197 1719 1255 1742 nos
1283 1709 1465 1741 custodiant

262 1758 314 1791 De
339 1767 396 1790 suo
424 1760 534 1790 sancto
562 1766 706 1798 corpore.
958 1758 996 1791 In
1024 1757 1111 1790 omni
1137 1759 1205 1791 vita
1229 1757 1359 1790 saeculi.

219 1840 226 1848 .
263 1815 311 1849 Ut
333 1816 392 1847 ille
417 1816 460 1848 sit
484 1815 659 1848 laudabilis
892 1817 924 1849 4.
963 1815 1077 1848 Gloria
1100 1815 1171 1857 tibi,
1198 1816 1337 1858 trinitas,

261 1865 301 1898 In
326 1864 486 1896 universis
511 1864 651 1904 populis,
963 1864 1120 1904 Aequalis
1144 1874 1210 1897 una
1235 1865 1349 1904 deitas,

260 1912 337 1953 Ipse
363 1913 524 1945 coelorum
551 1913 708 1950 dominus,
964 1913 1008 1945 Et
1035 1915 1111 1944 ante
1136 1922 1229 1946 omne
1254 1913 1417 1945 saeculum

261 1961 323 2002 Qui
349 1962 443 1994 sedet
466 1961 500 1993 in
524 1961 698 1995 altissimis,
963 1961 1008 1994 Et
1033 1970 1119 1993 nunc
1145 1965 1176 1994 et
1200 1962 1235 1993 in
1259 1965 1462 2002 perpetuum.

263 2028 327 2056 Pol.
346 2028 380 2056 12
392 2036 419 2056 a.
433 2043 472 2047 —
486 2028 563 2055 Dan.
574 2027 598 2055 I.
614 2027 661 2054 72.
673 2044 674 2047 =
698 2043 709 2047 -
723 2027 770 2055 Ad
781 2027 871 2055 Sexta
885 2028 941 2056 Hs.
951 2042 989 2046 —
1003 2027 1071 2055 Von
1082 2027 1134 2055 der
1144 2027 1312 2064 Doxologie
1324 2037 1381 2055 nur
1394 2029 1421 2061 4,
1436 2029 1460 2056 1.
1471 2028 1529 2056 Hs.

764 2170 812 2202 Ad
830 2170 957 2203 Nonam.

213 2259 220 2266 .
261 2232 413 2267 Perfecto
438 2235 525 2267 trino
550 2242 684 2266 numero
896 2234 928 2267 2.
964 2233 1099 2267 Sacrum
1124 2232 1188 2266 Dei
1211 2233 1402 2274 mysterium

258 2282 375 2315 Ternis
402 2282 555 2318 horarum
580 2283 737 2323 terminis,
962 2283 1049 2316 Puro
1074 2284 1222 2315 tenentes
1247 2285 1389 2323 pectore,

257 2330 388 2366 Laudes
414 2334 565 2363 canentes
590 2331 715 2366 debitas
962 2331 1053 2365 Petri
1077 2332 1225 2373 magistri
1250 2331 1395 2372 regulam

258 2379 386 2414 Nonam
412 2379 556 2414 dicentes
582 2380 750 2421 psallimus
962 2379 1059 2422 Signo
1085 2379 1200 2412 salutis
1225 2380 1399 2421 proditam.
