<?xml version="1.0" encoding="UTF-8"?>
<!DOCTYPE html PUBLIC "-//W3C//DTD XHTML 1.0 Transitional//EN"
    "http://www.w3.org/TR/xhtml1/DTD/xhtml1-transitional.dtd">
<html xmlns="http://www.w3.org/1999/xhtml" xml:lang="en" lang="en">
 <head>
  <title>
</title>
<meta http-equiv="Content-Type" content="text/html;charset=utf-8" />
  <meta name='ocr-system' content='tesseract 3.04.00' />
  <meta name='ocr-capabilities' content='ocr_page ocr_carea ocr_par ocr_line ocrx_word'/>
</head>
<body>
  <div class='ocr_page' id='page_1' title='image "./analectahymnica02drevuoft_00133.png"; bbox 0 0 1655 2624; ppageno 0'>
   <div class='ocr_carea' id='block_1_1' title="bbox 645 53 905 90">
    <p class='ocr_par' dir='ltr' id='par_1_1' title="bbox 645 53 905 90">
     <span class='ocr_line' id='line_1_1' title="bbox 645 53 905 90; baseline -0.004 0"><span class='ocrx_word' id='word_1_1' title='bbox 645 53 905 90; x_wconf 78' lang='lat'>—130—</span> 
     </span>
    </p>
   </div>
   <div class='ocr_carea' id='block_1_2' title="bbox 111 152 697 240">
    <p class='ocr_par' dir='ltr' id='par_1_2' title="bbox 111 152 697 240">
     <span class='ocr_line' id='line_1_2' title="bbox 111 152 697 193; baseline -0.007 -5"><span class='ocrx_word' id='word_1_2' title='bbox 111 157 144 188; x_wconf 81' lang='lat'><strong>2.</strong></span> <span class='ocrx_word' id='word_1_3' title='bbox 183 153 266 186; x_wconf 84' lang='lat' dir='ltr'><strong>Eras</strong></span> <span class='ocrx_word' id='word_1_4' title='bbox 292 156 360 186; x_wconf 88' lang='lat' dir='ltr'><strong>tam</strong></span> <span class='ocrx_word' id='word_1_5' title='bbox 384 153 471 185; x_wconf 85' lang='lat' dir='ltr'><strong>intus</strong></span> <span class='ocrx_word' id='word_1_6' title='bbox 496 161 591 193; x_wconf 85' lang='lat' dir='ltr'><strong>quam</strong></span> <span class='ocrx_word' id='word_1_7' title='bbox 617 152 697 185; x_wconf 84' lang='lat' dir='ltr'><strong>foris</strong></span> 
     </span>
     <span class='ocr_line' id='line_1_3' title="bbox 185 201 614 240; baseline -0.002 -6"><span class='ocrx_word' id='word_1_8' title='bbox 185 201 286 234; x_wconf 83' lang='lat' dir='ltr'><strong>Grata</strong></span> <span class='ocrx_word' id='word_1_9' title='bbox 310 203 478 234; x_wconf 85' lang='lat' dir='ltr'><strong>venustate</strong></span> <span class='ocrx_word' id='word_1_10' title='bbox 502 201 614 240; x_wconf 72' lang='lat' dir='ltr'><strong>moris,</strong></span> 
     </span>
    </p>
   </div>
   <div class='ocr_carea' id='block_1_3' title="bbox 230 249 745 289">
    <p class='ocr_par' dir='ltr' id='par_1_3' title="bbox 230 249 745 289">
     <span class='ocr_line' id='line_1_4' title="bbox 230 249 745 289; baseline -0.004 -7"><span class='ocrx_word' id='word_1_11' title='bbox 230 249 286 282; x_wconf 90' lang='lat' dir='ltr'><strong>Ad</strong></span> <span class='ocrx_word' id='word_1_12' title='bbox 316 249 434 281; x_wconf 89' lang='lat' dir='ltr'><strong>bonum</strong></span> <span class='ocrx_word' id='word_1_13' title='bbox 458 257 586 289; x_wconf 82' lang='lat' dir='ltr'><strong>semper</strong></span> <span class='ocrx_word' id='word_1_14' title='bbox 610 250 745 288; x_wconf 88' lang='lat' dir='ltr'><strong>intenta,</strong></span> 
     </span>
    </p>
   </div>
   <div class='ocr_carea' id='block_1_4' title="bbox 184 297 699 724">
    <p class='ocr_par' dir='ltr' id='par_1_4' title="bbox 184 297 634 385">
     <span class='ocr_line' id='line_1_5' title="bbox 184 297 634 338; baseline -0.002 -8"><span class='ocrx_word' id='word_1_15' title='bbox 184 297 351 338; x_wconf 78' lang='lat' dir='ltr'><strong>culpando</strong></span> <span class='ocrx_word' id='word_1_16' title='bbox 378 305 489 329; x_wconf 79' lang='lat' dir='ltr'><strong>causas</strong></span> <span class='ocrx_word' id='word_1_17' title='bbox 516 297 634 329; x_wconf 85' lang='lat' dir='ltr'><strong>erroris</strong></span> 
     </span>
     <span class='ocr_line' id='line_1_6' title="bbox 184 344 590 385; baseline -0.002 -8"><span class='ocrx_word' id='word_1_18' title='bbox 184 345 332 377; x_wconf 86' lang='lat' dir='ltr'><strong>Errantis</strong></span> <span class='ocrx_word' id='word_1_19' title='bbox 356 344 590 385; x_wconf 69' lang='lat' dir='ltr'><strong>imperi-amris,</strong></span> 
     </span>
    </p>

    <p class='ocr_par' dir='ltr' id='par_1_5' title="bbox 185 392 699 521">
     <span class='ocr_line' id='line_1_7' title="bbox 208 392 699 425; baseline 0 -1"><span class='ocrx_word' id='word_1_20' title='bbox 208 392 282 425; x_wconf 79' lang='lat' dir='ltr'><strong>Non</strong></span> <span class='ocrx_word' id='word_1_21' title='bbox 306 393 421 425; x_wconf 84' lang='lat' dir='ltr'><strong>timens</strong></span> <span class='ocrx_word' id='word_1_22' title='bbox 447 401 506 424; x_wconf 88' lang='lat' dir='ltr'><strong>sua</strong></span> <span class='ocrx_word' id='word_1_23' title='bbox 529 394 699 425; x_wconf 83' lang='lat' dir='ltr'><strong>tormenta.</strong></span> 
     </span>
     <span class='ocr_line' id='line_1_8' title="bbox 187 440 670 481; baseline 0.002 -9"><span class='ocrx_word' id='word_1_24' title='bbox 187 440 298 481; x_wconf 75' lang='lat' dir='ltr'><strong>Neque</strong></span> <span class='ocrx_word' id='word_1_25' title='bbox 321 442 458 481; x_wconf 82' lang='lat' dir='ltr'><strong>propter</strong></span> <span class='ocrx_word' id='word_1_26' title='bbox 481 445 670 481; x_wconf 83' lang='lat' dir='ltr'><strong>argumenta</strong></span> 
     </span>
     <span class='ocr_line' id='line_1_9' title="bbox 185 487 556 521; baseline 0 -1"><span class='ocrx_word' id='word_1_27' title='bbox 185 488 269 521; x_wconf 88' lang='lat' dir='ltr'><strong>Eras</strong></span> <span class='ocrx_word' id='word_1_28' title='bbox 296 487 442 520; x_wconf 85' lang='lat' dir='ltr'><strong>confiteri</strong></span> <span class='ocrx_word' id='word_1_29' title='bbox 467 488 556 521; x_wconf 88' lang='lat' dir='ltr'><strong>lenta</strong></span> 
     </span>
    </p>

    <p class='ocr_par' dir='ltr' id='par_1_6' title="bbox 186 536 654 672">
     <span class='ocr_line' id='line_1_10' title="bbox 233 536 639 577; baseline 0 -9"><span class='ocrx_word' id='word_1_30' title='bbox 233 536 357 569; x_wconf 74' lang='lat' dir='ltr'><strong>Nomen</strong></span> <span class='ocrx_word' id='word_1_31' title='bbox 383 536 431 569; x_wconf 90' lang='lat' dir='ltr'><strong>tui</strong></span> <span class='ocrx_word' id='word_1_32' title='bbox 456 537 639 577; x_wconf 87' lang='lat' dir='ltr'><strong>salvatoris,</strong></span> 
     </span>
     <span class='ocr_line' id='line_1_11' title="bbox 186 584 606 626; baseline -0.002 -9"><span class='ocrx_word' id='word_1_33' title='bbox 186 584 354 626; x_wconf 81' lang='lat' dir='ltr'><strong>Arguebat</strong></span> <span class='ocrx_word' id='word_1_34' title='bbox 378 593 442 617; x_wconf 75' lang='lat' dir='ltr'><strong>vox</strong></span> <span class='ocrx_word' id='word_1_35' title='bbox 468 585 606 617; x_wconf 78' lang='lat' dir='ltr'><strong>ducenta</strong></span> 
     </span>
     <span class='ocr_line' id='line_1_12' title="bbox 186 631 654 672; baseline 0.002 -8"><span class='ocrx_word' id='word_1_36' title='bbox 186 631 374 672; x_wconf 82' lang='lat' dir='ltr'><strong>Doctorum,</strong></span> <span class='ocrx_word' id='word_1_37' title='bbox 405 632 499 664; x_wconf 84' lang='lat' dir='ltr'><strong>sedes</strong></span> <span class='ocrx_word' id='word_1_38' title='bbox 521 633 654 665; x_wconf 85' lang='lat' dir='ltr'><strong>inventa</strong></span> 
     </span>
    </p>

    <p class='ocr_par' dir='ltr' id='par_1_7' title="bbox 210 680 689 724">
     <span class='ocr_line' id='line_1_13' title="bbox 210 680 689 724; baseline 0.006 -13"><span class='ocrx_word' id='word_1_39' title='bbox 210 680 335 713; x_wconf 75' lang='lat' dir='ltr'><strong>Victrix</strong></span> <span class='ocrx_word' id='word_1_40' title='bbox 359 680 506 724; x_wconf 62' lang='lat' dir='ltr'><strong>omnibus</strong></span> <span class='ocrx_word' id='word_1_41' title='bbox 529 680 566 713; x_wconf 82' lang='lat' dir='ltr'><strong>in</strong></span> <span class='ocrx_word' id='word_1_42' title='bbox 590 680 689 714; x_wconf 77' lang='lat' dir='ltr'><strong>horis,</strong></span> 
     </span>
    </p>
   </div>
   <div class='ocr_carea' id='block_1_5' title="bbox 185 737 707 1009">
    <p class='ocr_par' dir='ltr' id='par_1_8' title="bbox 185 737 690 874">
     <span class='ocr_line' id='line_1_14' title="bbox 185 737 579 770; baseline -0.003 -1"><span class='ocrx_word' id='word_1_43' title='bbox 185 737 345 770; x_wconf 81' lang='lat' dir='ltr'><strong>Rhetores</strong></span> <span class='ocrx_word' id='word_1_44' title='bbox 371 737 476 770; x_wconf 84' lang='lat' dir='ltr'><strong>effecti</strong></span> <span class='ocrx_word' id='word_1_45' title='bbox 497 737 579 769; x_wconf 89' lang='lat' dir='ltr'><strong>muti</strong></span> 
     </span>
     <span class='ocr_line' id='line_1_15' title="bbox 187 784 690 824; baseline -0.002 -6"><span class='ocrx_word' id='word_1_46' title='bbox 187 786 322 824; x_wconf 85' lang='lat' dir='ltr'><strong>Cedunt,</strong></span> <span class='ocrx_word' id='word_1_47' title='bbox 352 785 470 818; x_wconf 86' lang='lat' dir='ltr'><strong>Caesar</strong></span> <span class='ocrx_word' id='word_1_48' title='bbox 494 784 618 817; x_wconf 78' lang='lat' dir='ltr'><strong>frendit</strong></span> <span class='ocrx_word' id='word_1_49' title='bbox 641 786 690 818; x_wconf 88' lang='lat' dir='ltr'><strong>uti</strong></span> 
     </span>
     <span class='ocr_line' id='line_1_16' title="bbox 234 833 624 874; baseline -0.003 -9"><span class='ocrx_word' id='word_1_50' title='bbox 234 833 306 865; x_wconf 83' lang='lat' dir='ltr'><strong>Vox</strong></span> <span class='ocrx_word' id='word_1_51' title='bbox 330 833 432 865; x_wconf 85' lang='lat' dir='ltr'><strong>leonis</strong></span> <span class='ocrx_word' id='word_1_52' title='bbox 457 833 624 874; x_wconf 84' lang='lat' dir='ltr'><strong>rugientis,</strong></span> 
     </span>
    </p>

    <p class='ocr_par' dir='ltr' id='par_1_9' title="bbox 186 880 707 1009">
     <span class='ocr_line' id='line_1_17' title="bbox 186 880 616 921; baseline -0.002 -8"><span class='ocrx_word' id='word_1_53' title='bbox 186 880 351 913; x_wconf 84' lang='lat' dir='ltr'><strong>Promittit</strong></span> <span class='ocrx_word' id='word_1_54' title='bbox 376 881 466 913; x_wconf 90' lang='lat' dir='ltr'><strong>dotes</strong></span> <span class='ocrx_word' id='word_1_55' title='bbox 492 880 616 921; x_wconf 82' lang='lat' dir='ltr'><strong>tributi⁷</strong></span> 
     </span>
     <span class='ocr_line' id='line_1_18' title="bbox 186 928 707 968; baseline 0 -8"><span class='ocrx_word' id='word_1_56' title='bbox 186 928 272 967; x_wconf 78' lang='lat' dir='ltr'><strong>Quas</strong></span> <span class='ocrx_word' id='word_1_57' title='bbox 297 929 423 968; x_wconf 82' lang='lat' dir='ltr'><strong>spernis</strong></span> <span class='ocrx_word' id='word_1_58' title='bbox 447 931 484 960; x_wconf 85' lang='lat' dir='ltr'><strong>ut</strong></span> <span class='ocrx_word' id='word_1_59' title='bbox 508 929 622 961; x_wconf 87' lang='lat' dir='ltr'><strong>sordes</strong></span> <span class='ocrx_word' id='word_1_60' title='bbox 646 929 707 961; x_wconf 86' lang='lat' dir='ltr'><strong>luti</strong></span> 
     </span>
     <span class='ocr_line' id='line_1_19' title="bbox 234 974 696 1009; baseline 0.002 -1"><span class='ocrx_word' id='word_1_61' title='bbox 234 976 295 1008; x_wconf 61' lang='lat' dir='ltr'><strong>Vel</strong></span> <span class='ocrx_word' id='word_1_62' title='bbox 322 977 505 1008; x_wconf 89' lang='lat' dir='ltr'><strong>undaminis</strong></span> <span class='ocrx_word' id='word_1_63' title='bbox 531 974 696 1009; x_wconf 81' lang='lat' dir='ltr'><strong>ferventis.</strong></span> 
     </span>
    </p>
   </div>
   <div class='ocr_carea' id='block_1_6' title="bbox 114 740 134 772">
    <p class='ocr_par' dir='ltr' id='par_1_10' title="bbox 114 740 134 772">
     <span class='ocr_line' id='line_1_20' title="bbox 114 740 134 772; textangle 90"><span class='ocrx_word' id='word_1_64' title='bbox 114 740 134 772; x_wconf 64' lang='grc' dir='ltr'><strong>ΕΞ)</strong></span> 
     </span>
    </p>
   </div>
   <div class='ocr_carea' id='block_1_7' title="bbox 185 1023 750 1065">
    <p class='ocr_par' dir='ltr' id='par_1_11' title="bbox 185 1023 750 1065">
     <span class='ocr_line' id='line_1_21' title="bbox 185 1023 750 1065; baseline 0.004 -10"><span class='ocrx_word' id='word_1_65' title='bbox 185 1023 256 1056; x_wconf 60' lang='lat' dir='ltr'><strong>Nec</strong></span> <span class='ocrx_word' id='word_1_66' title='bbox 285 1025 462 1065; x_wconf 79' lang='lat' dir='ltr'>promissis.</span> <span class='ocrx_word' id='word_1_67' title='bbox 489 1032 550 1057; x_wconf 87' lang='lat' dir='ltr'><strong>nec</strong></span> <span class='ocrx_word' id='word_1_68' title='bbox 583 1025 750 1057; x_wconf 89' lang='lat' dir='ltr'><strong>tormentis</strong></span> 
     </span>
    </p>
   </div>
   <div class='ocr_carea' id='block_1_8' title="bbox 185 1071 689 1303">
    <p class='ocr_par' dir='ltr' id='par_1_12' title="bbox 187 1071 689 1159">
     <span class='ocr_line' id='line_1_22' title="bbox 187 1071 689 1113; baseline 0.002 -9"><span class='ocrx_word' id='word_1_69' title='bbox 187 1071 295 1104; x_wconf 86' lang='lat' dir='ltr'><strong>Vertis</strong></span> <span class='ocrx_word' id='word_1_70' title='bbox 321 1075 440 1104; x_wconf 88' lang='lat' dir='ltr'><strong>statum</strong></span> <span class='ocrx_word' id='word_1_71' title='bbox 464 1075 539 1104; x_wconf 89' lang='lat' dir='ltr'><strong>tuae</strong></span> <span class='ocrx_word' id='word_1_72' title='bbox 561 1074 689 1113; x_wconf 83' lang='lat' dir='ltr'><strong>mentiS,</strong></span> 
     </span>
     <span class='ocr_line' id='line_1_23' title="bbox 233 1120 662 1159; baseline 0.002 -7"><span class='ocrx_word' id='word_1_73' title='bbox 233 1120 361 1152; x_wconf 79' lang='lat' dir='ltr'><strong>Dantur</strong></span> <span class='ocrx_word' id='word_1_74' title='bbox 384 1121 467 1152; x_wconf 87' lang='lat' dir='ltr'><strong>ictus</strong></span> <span class='ocrx_word' id='word_1_75' title='bbox 492 1123 567 1153; x_wconf 89' lang='lat' dir='ltr'><strong>tuae</strong></span> <span class='ocrx_word' id='word_1_76' title='bbox 592 1122 662 1159; x_wconf 47' lang='lat' dir='ltr'><strong>cuti,</strong></span> 
     </span>
    </p>

    <p class='ocr_par' dir='ltr' id='par_1_13' title="bbox 185 1167 682 1208">
     <span class='ocr_line' id='line_1_24' title="bbox 185 1167 682 1208; baseline 0 -9"><span class='ocrx_word' id='word_1_77' title='bbox 185 1167 270 1206; x_wconf 82' lang='lat' dir='ltr'><strong>Quos</strong></span> <span class='ocrx_word' id='word_1_78' title='bbox 295 1171 430 1208; x_wconf 81' lang='lat' dir='ltr'><strong>propter</strong></span> <span class='ocrx_word' id='word_1_79' title='bbox 454 1168 682 1208; x_wconf 81' lang='lat' dir='ltr'><strong>omnipotentis</strong></span> 
     </span>
    </p>

    <p class='ocr_par' dir='ltr' id='par_1_14' title="bbox 186 1215 687 1303">
     <span class='ocr_line' id='line_1_25' title="bbox 186 1215 634 1256; baseline 0 -9"><span class='ocrx_word' id='word_1_80' title='bbox 186 1215 339 1247; x_wconf 84' lang='lat' dir='ltr'><strong>Amorem</strong></span> <span class='ocrx_word' id='word_1_81' title='bbox 373 1215 510 1256; x_wconf 87' lang='lat' dir='ltr'><strong>benigne</strong></span> <span class='ocrx_word' id='word_1_82' title='bbox 534 1217 634 1249; x_wconf 84' lang='lat' dir='ltr'><strong>sentis</strong></span> 
     </span>
     <span class='ocr_line' id='line_1_26' title="bbox 233 1263 687 1303; baseline 0.004 -9"><span class='ocrx_word' id='word_1_83' title='bbox 233 1263 370 1295; x_wconf 84' lang='lat' dir='ltr'><strong>Manens</strong></span> <span class='ocrx_word' id='word_1_84' title='bbox 395 1263 541 1303; x_wconf 86' lang='lat' dir='ltr'><strong>subjecta</strong></span> <span class='ocrx_word' id='word_1_85' title='bbox 565 1264 687 1297; x_wconf 88' lang='lat' dir='ltr'><strong>virtuti.</strong></span> 
     </span>
    </p>
   </div>
   <div class='ocr_carea' id='block_1_9' title="bbox 190 1357 727 1394">
    <p class='ocr_par' dir='ltr' id='par_1_15' title="bbox 190 1357 727 1394">
     <span class='ocr_line' id='line_1_27' title="bbox 190 1357 727 1394; baseline 0.006 -10"><span class='ocrx_word' id='word_1_86' title='bbox 190 1357 254 1385; x_wconf 85' lang='lat' dir='ltr'><strong>Fol.</strong></span> <span class='ocrx_word' id='word_1_87' title='bbox 276 1357 313 1387; x_wconf 78' lang='lat'><strong>92</strong></span> <span class='ocrx_word' id='word_1_88' title='bbox 334 1358 361 1385; x_wconf 86' lang='lat' dir='ltr'><strong>b.</strong></span> <span class='ocrx_word' id='word_1_89' title='bbox 442 1358 467 1392; x_wconf 75' lang='lat'><strong>3,</strong></span> <span class='ocrx_word' id='word_1_90' title='bbox 491 1361 507 1387; x_wconf 82' lang='lat'>5</span> <span class='ocrx_word' id='word_1_91' title='bbox 529 1367 644 1394; x_wconf 74' lang='lat' dir='ltr'><strong>spernef</strong></span> <span class='ocrx_word' id='word_1_92' title='bbox 671 1359 727 1387; x_wconf 88' lang='lat' dir='ltr'><strong>Hs.</strong></span> 
     </span>
    </p>
   </div>
   <div class='ocr_carea' id='block_1_10' title="bbox 805 150 1260 192">
    <p class='ocr_par' dir='ltr' id='par_1_16' title="bbox 805 150 1260 192">
     <span class='ocr_line' id='line_1_28' title="bbox 805 150 1260 192; baseline -0.011 -6"><span class='ocrx_word' id='word_1_93' title='bbox 805 152 838 186; x_wconf 86' lang='lat'><strong>4.</strong></span> <span class='ocrx_word' id='word_1_94' title='bbox 877 150 969 184; x_wconf 80' lang='lat' dir='ltr'><strong>Uxor</strong></span> <span class='ocrx_word' id='word_1_95' title='bbox 993 151 1123 191; x_wconf 76' lang='lat' dir='ltr'><strong>tyranni</strong></span> <span class='ocrx_word' id='word_1_96' title='bbox 1148 150 1260 192; x_wconf 84' lang='lat' dir='ltr'><strong>regina</strong></span> 
     </span>
    </p>
   </div>
   <div class='ocr_carea' id='block_1_11' title="bbox 878 198 1357 721">
    <p class='ocr_par' dir='ltr' id='par_1_17' title="bbox 878 198 1357 721">
     <span class='ocr_line' id='line_1_29' title="bbox 879 198 1282 239; baseline -0.002 -8"><span class='ocrx_word' id='word_1_97' title='bbox 879 199 1028 239; x_wconf 78' lang='lat' dir='ltr'><strong>Suscepit</strong></span> <span class='ocrx_word' id='word_1_98' title='bbox 1054 207 1073 230; x_wconf 92' lang='lat' dir='ltr'><strong>a</strong></span> <span class='ocrx_word' id='word_1_99' title='bbox 1097 198 1282 231; x_wconf 79' lang='lat' dir='ltr'><strong>Katherina</strong></span> 
     </span>
     <span class='ocr_line' id='line_1_30' title="bbox 925 245 1334 283; baseline -0.002 -3"><span class='ocrx_word' id='word_1_100' title='bbox 925 247 1042 280; x_wconf 82' lang='lat' dir='ltr'>Fidem</span> <span class='ocrx_word' id='word_1_101' title='bbox 1070 245 1334 283; x_wconf 75' lang='lat' dir='ltr'><strong>Christianitatis,</strong></span> 
     </span>
     <span class='ocr_line' id='line_1_31' title="bbox 878 295 1260 336; baseline -0.005 -7"><span class='ocrx_word' id='word_1_102' title='bbox 878 295 1096 336; x_wconf 79' lang='lat' dir='ltr'><strong>Porphyrium</strong></span> <span class='ocrx_word' id='word_1_103' title='bbox 1121 305 1144 328; x_wconf 90' lang='lat' dir='ltr'><strong>a</strong></span> <span class='ocrx_word' id='word_1_104' title='bbox 1166 295 1260 327; x_wconf 89' lang='lat' dir='ltr'><strong>ruina</strong></span> 
     </span>
     <span class='ocr_line' id='line_1_32' title="bbox 879 343 1299 384; baseline -0.005 -7"><span class='ocrx_word' id='word_1_105' title='bbox 879 343 1029 377; x_wconf 83' lang='lat' dir='ltr'><strong>Servabit</strong></span> <span class='ocrx_word' id='word_1_106' title='bbox 1056 344 1124 384; x_wconf 81' lang='lat' dir='ltr'><strong>ejus</strong></span> <span class='ocrx_word' id='word_1_107' title='bbox 1152 343 1299 376; x_wconf 82' lang='lat' dir='ltr'><strong>doctrina</strong></span> 
     </span>
     <span class='ocr_line' id='line_1_33' title="bbox 930 390 1312 429; baseline -0.003 -5"><span class='ocrx_word' id='word_1_108' title='bbox 930 391 1118 426; x_wconf 72' lang='lat' dir='ltr'><strong>simulacris</strong></span> <span class='ocrx_word' id='word_1_109' title='bbox 1144 390 1312 429; x_wconf 82' lang='lat' dir='ltr'><strong>refutatis;</strong></span> 
     </span>
     <span class='ocr_line' id='line_1_34' title="bbox 878 440 1289 473; baseline -0.002 -1"><span class='ocrx_word' id='word_1_110' title='bbox 878 440 945 473; x_wconf 85' lang='lat' dir='ltr'><strong>Pro</strong></span> <span class='ocrx_word' id='word_1_111' title='bbox 973 440 1107 472; x_wconf 86' lang='lat' dir='ltr'><strong>cultrice</strong></span> <span class='ocrx_word' id='word_1_112' title='bbox 1130 440 1289 472; x_wconf 83' lang='lat' dir='ltr'><strong>castitatis</strong></span> 
     </span>
     <span class='ocr_line' id='line_1_35' title="bbox 880 488 1234 521; baseline -0.006 0"><span class='ocrx_word' id='word_1_113' title='bbox 880 489 912 521; x_wconf 90' lang='lat' dir='ltr'>A</span> <span class='ocrx_word' id='word_1_114' title='bbox 937 488 1115 521; x_wconf 86' lang='lat' dir='ltr'><strong>tortoribus</strong></span> <span class='ocrx_word' id='word_1_115' title='bbox 1140 488 1234 520; x_wconf 86' lang='lat' dir='ltr'><strong>iratis</strong></span> 
     </span>
     <span class='ocr_line' id='line_1_36' title="bbox 928 535 1357 577; baseline -0.002 -9"><span class='ocrx_word' id='word_1_116' title='bbox 928 537 1148 577; x_wconf 88' lang='lat' dir='ltr'><strong>Praeparatur</strong></span> <span class='ocrx_word' id='word_1_117' title='bbox 1172 539 1247 568; x_wconf 88' lang='lat' dir='ltr'><strong>rota</strong></span> <span class='ocrx_word' id='word_1_118' title='bbox 1269 535 1357 575; x_wconf 85' lang='lat' dir='ltr'><strong>bina,</strong></span> 
     </span>
     <span class='ocr_line' id='line_1_37' title="bbox 880 584 1327 617; baseline -0.004 0"><span class='ocrx_word' id='word_1_119' title='bbox 880 584 987 617; x_wconf 82' lang='lat' dir='ltr'><strong>Rotae</strong></span> <span class='ocrx_word' id='word_1_120' title='bbox 1014 584 1133 617; x_wconf 87' lang='lat' dir='ltr'><strong>cadunt</strong></span> <span class='ocrx_word' id='word_1_121' title='bbox 1159 585 1222 617; x_wconf 86' lang='lat' dir='ltr'><strong>cito</strong></span> <span class='ocrx_word' id='word_1_122' title='bbox 1248 584 1327 617; x_wconf 86' lang='lat' dir='ltr'><strong>satis</strong></span> 
     </span>
     <span class='ocr_line' id='line_1_38' title="bbox 881 631 1314 665; baseline -0.002 -2"><span class='ocrx_word' id='word_1_123' title='bbox 881 632 1038 664; x_wconf 76' lang='lat' dir='ltr'><strong>Precibus</strong></span> <span class='ocrx_word' id='word_1_124' title='bbox 1063 631 1145 664; x_wconf 87' lang='lat' dir='ltr'><strong>fusis</strong></span> <span class='ocrx_word' id='word_1_125' title='bbox 1172 635 1202 663; x_wconf 86' lang='lat' dir='ltr'><strong>et</strong></span> <span class='ocrx_word' id='word_1_126' title='bbox 1230 632 1314 665; x_wconf 83' lang='lat' dir='ltr'><strong>datis</strong></span> 
     </span>
     <span class='ocr_line' id='line_1_39' title="bbox 929 680 1271 721; baseline 0.003 -9"><span class='ocrx_word' id='word_1_127' title='bbox 929 680 961 712; x_wconf 81' lang='lat' dir='ltr'><strong>A</strong></span> <span class='ocrx_word' id='word_1_128' title='bbox 987 680 1098 720; x_wconf 82' lang='lat' dir='ltr'><strong>puella</strong></span> <span class='ocrx_word' id='word_1_129' title='bbox 1122 680 1271 721; x_wconf 81' lang='lat' dir='ltr'><strong>genuina.</strong></span> 
     </span>
    </p>
   </div>
   <div class='ocr_carea' id='block_1_12' title="bbox 835 736 1290 778">
    <p class='ocr_par' dir='ltr' id='par_1_18' title="bbox 835 736 1290 778">
     <span class='ocr_line' id='line_1_40' title="bbox 835 736 1290 778; baseline -0.002 -8"><span class='ocrx_word' id='word_1_130' title='bbox 835 763 841 770; x_wconf 94' lang='lat'><strong><em>.</em></strong></span> <span class='ocrx_word' id='word_1_131' title='bbox 879 737 978 778; x_wconf 69' lang='lat' dir='ltr'><strong>Virgo</strong></span> <span class='ocrx_word' id='word_1_132' title='bbox 1003 737 1092 770; x_wconf 87' lang='lat' dir='ltr'><strong>mitis</strong></span> <span class='ocrx_word' id='word_1_133' title='bbox 1119 741 1150 770; x_wconf 90' lang='lat' dir='ltr'><strong>et</strong></span> <span class='ocrx_word' id='word_1_134' title='bbox 1173 736 1290 778; x_wconf 85' lang='lat' dir='ltr'><strong>faceta,</strong></span> 
     </span>
    </p>
   </div>
   <div class='ocr_carea' id='block_1_13' title="bbox 880 785 1456 1305">
    <p class='ocr_par' dir='ltr' id='par_1_19' title="bbox 880 785 1456 1305">
     <span class='ocr_line' id='line_1_41' title="bbox 880 785 1303 825; baseline -0.002 -7"><span class='ocrx_word' id='word_1_135' title='bbox 880 785 999 818; x_wconf 85' lang='lat' dir='ltr'><strong>Sancto</strong></span> <span class='ocrx_word' id='word_1_136' title='bbox 1024 786 1143 825; x_wconf 87' lang='lat' dir='ltr'><strong>spiritu</strong></span> <span class='ocrx_word' id='word_1_137' title='bbox 1168 786 1303 825; x_wconf 80' lang='lat' dir='ltr'><strong>repleta,</strong></span> 
     </span>
     <span class='ocr_line' id='line_1_42' title="bbox 931 831 1374 874; baseline -0.002 -8"><span class='ocrx_word' id='word_1_138' title='bbox 931 833 1152 874; x_wconf 76' lang='lat' dir='ltr'><strong>compeditur,</strong></span> <span class='ocrx_word' id='word_1_139' title='bbox 1179 831 1374 874; x_wconf 86' lang='lat' dir='ltr'><strong>flagellatur,</strong></span> 
     </span>
     <span class='ocr_line' id='line_1_43' title="bbox 881 881 1333 914; baseline -0.004 0"><span class='ocrx_word' id='word_1_140' title='bbox 881 881 946 914; x_wconf 87' lang='lat' dir='ltr'><strong>Sed</strong></span> <span class='ocrx_word' id='word_1_141' title='bbox 966 883 1050 914; x_wconf 87' lang='lat' dir='ltr'><strong>sicut</strong></span> <span class='ocrx_word' id='word_1_142' title='bbox 1075 883 1143 914; x_wconf 79' lang='lat' dir='ltr'><strong>ovis</strong></span> <span class='ocrx_word' id='word_1_143' title='bbox 1167 884 1333 913; x_wconf 85' lang='lat' dir='ltr'><strong>mansueta</strong></span> 
     </span>
     <span class='ocr_line' id='line_1_44' title="bbox 881 928 1408 970; baseline -0.002 -9"><span class='ocrx_word' id='word_1_144' title='bbox 881 929 999 962; x_wconf 84' lang='lat' dir='ltr'><strong>Omnes</strong></span> <span class='ocrx_word' id='word_1_145' title='bbox 1025 937 1146 970; x_wconf 82' lang='lat' dir='ltr'><strong>poenas</strong></span> <span class='ocrx_word' id='word_1_146' title='bbox 1171 928 1285 961; x_wconf 78' lang='lat' dir='ltr'><strong>suffert</strong></span> <span class='ocrx_word' id='word_1_147' title='bbox 1310 929 1408 964; x_wconf 77' lang='lat' dir='ltr'><strong>laeta,</strong></span> 
     </span>
     <span class='ocr_line' id='line_1_45' title="bbox 930 976 1456 1017; baseline -0.002 -8"><span class='ocrx_word' id='word_1_148' title='bbox 930 977 1075 1010; x_wconf 85' lang='lat' dir='ltr'><strong>Tandem</strong></span> <span class='ocrx_word' id='word_1_149' title='bbox 1102 976 1186 1009; x_wconf 86' lang='lat' dir='ltr'><strong>ensis</strong></span> <span class='ocrx_word' id='word_1_150' title='bbox 1211 985 1336 1017; x_wconf 88' lang='lat' dir='ltr'><strong>poenae</strong></span> <span class='ocrx_word' id='word_1_151' title='bbox 1358 977 1456 1009; x_wconf 85' lang='lat' dir='ltr'><strong>datur</strong></span> 
     </span>
     <span class='ocr_line' id='line_1_46' title="bbox 882 1024 1279 1066; baseline 0 -9"><span class='ocrx_word' id='word_1_152' title='bbox 882 1025 1064 1066; x_wconf 82' lang='lat' dir='ltr'><strong>Gladioque</strong></span> <span class='ocrx_word' id='word_1_153' title='bbox 1090 1024 1279 1065; x_wconf 80' lang='lat' dir='ltr'><strong>decollatur,</strong></span> 
     </span>
     <span class='ocr_line' id='line_1_47' title="bbox 882 1073 1394 1113; baseline 0 -8"><span class='ocrx_word' id='word_1_154' title='bbox 882 1073 1019 1113; x_wconf 84' lang='lat' dir='ltr'><strong>Sanguis</strong></span> <span class='ocrx_word' id='word_1_155' title='bbox 1043 1073 1078 1104; x_wconf 92' lang='lat' dir='ltr'><strong>in</strong></span> <span class='ocrx_word' id='word_1_156' title='bbox 1102 1074 1155 1105; x_wconf 86' lang='lat' dir='ltr'><strong>lac</strong></span> <span class='ocrx_word' id='word_1_157' title='bbox 1180 1076 1394 1105; x_wconf 82' lang='lat' dir='ltr'><strong>commutatur</strong></span> 
     </span>
     <span class='ocr_line' id='line_1_48' title="bbox 927 1120 1331 1162; baseline 0 -9"><span class='ocrx_word' id='word_1_158' title='bbox 927 1120 1079 1154; x_wconf 81' lang='lat' dir='ltr'><strong>Naturali</strong></span> <span class='ocrx_word' id='word_1_159' title='bbox 1106 1122 1178 1162; x_wconf 87' lang='lat' dir='ltr'><strong>lege</strong></span> <span class='ocrx_word' id='word_1_160' title='bbox 1203 1124 1331 1162; x_wconf 72' lang='lat' dir='ltr'><strong>spreta,</strong></span> 
     </span>
     <span class='ocr_line' id='line_1_49' title="bbox 881 1169 1288 1209; baseline 0.002 -8"><span class='ocrx_word' id='word_1_161' title='bbox 881 1169 1081 1209; x_wconf 83' lang='lat' dir='ltr'><strong>Angelorum</strong></span> <span class='ocrx_word' id='word_1_162' title='bbox 1108 1169 1288 1202; x_wconf 85' lang='lat' dir='ltr'><strong>tumulatur</strong></span> 
     </span>
     <span class='ocr_line' id='line_1_50' title="bbox 880 1216 1344 1255; baseline 0 -6"><span class='ocrx_word' id='word_1_163' title='bbox 880 1216 1044 1255; x_wconf 82' lang='lat' dir='ltr'><strong>Manibus,</strong></span> <span class='ocrx_word' id='word_1_164' title='bbox 1070 1226 1156 1249; x_wconf 88' lang='lat' dir='ltr'><strong>nunc</strong></span> <span class='ocrx_word' id='word_1_165' title='bbox 1181 1217 1344 1250; x_wconf 83' lang='lat' dir='ltr'><strong>tribuatur</strong></span> 
     </span>
     <span class='ocr_line' id='line_1_51' title="bbox 929 1265 1409 1305; baseline 0.002 -8"><span class='ocrx_word' id='word_1_166' title='bbox 929 1265 995 1297; x_wconf 87' lang='lat' dir='ltr'><strong>Per</strong></span> <span class='ocrx_word' id='word_1_167' title='bbox 1019 1266 1103 1298; x_wconf 84' lang='lat' dir='ltr'><strong>hanc</strong></span> <span class='ocrx_word' id='word_1_168' title='bbox 1130 1267 1166 1297; x_wconf 91' lang='lat' dir='ltr'><strong>ut</strong></span> <span class='ocrx_word' id='word_1_169' title='bbox 1191 1274 1273 1305; x_wconf 89' lang='lat' dir='ltr'><strong>pace</strong></span> <span class='ocrx_word' id='word_1_170' title='bbox 1298 1266 1409 1305; x_wconf 84' lang='lat' dir='ltr'><strong>quieta</strong></span> 
     </span>
    </p>
   </div>
   <div class='ocr_carea' id='block_1_14' title="bbox 858 1312 1331 1352">
    <p class='ocr_par' dir='ltr' id='par_1_20' title="bbox 858 1312 1331 1352">
     <span class='ocr_line' id='line_1_52' title="bbox 858 1312 1331 1352; baseline 0.002 -7"><span class='ocrx_word' id='word_1_171' title='bbox 858 1312 1000 1352; x_wconf 75' lang='lat' dir='ltr'><strong>Quilibet</strong></span> <span class='ocrx_word' id='word_1_172' title='bbox 1023 1316 1169 1345; x_wconf 85' lang='lat' dir='ltr'><strong>nostrum</strong></span> <span class='ocrx_word' id='word_1_173' title='bbox 1194 1312 1331 1347; x_wconf 76' lang='lat' dir='ltr'><strong>fruatur.</strong></span> 
     </span>
    </p>
   </div>
   <div class='ocr_carea' id='block_1_15' title="bbox 585 1481 982 1514">
    <p class='ocr_par' dir='ltr' id='par_1_21' title="bbox 585 1481 982 1514">
     <span class='ocr_line' id='line_1_53' title="bbox 585 1481 982 1514; baseline 0.003 -2"><span class='ocrx_word' id='word_1_174' title='bbox 585 1481 662 1513; x_wconf 77' lang='lat' dir='ltr'><strong>Item</strong></span> <span class='ocrx_word' id='word_1_175' title='bbox 684 1481 720 1513; x_wconf 83' lang='lat' dir='ltr'><strong>de</strong></span> <span class='ocrx_word' id='word_1_176' title='bbox 742 1482 771 1514; x_wconf 86' lang='lat' dir='ltr'><strong>S.</strong></span> <span class='ocrx_word' id='word_1_177' title='bbox 789 1481 982 1514; x_wconf 82' lang='lat' dir='ltr'><strong>Katharina.</strong></span> 
     </span>
    </p>
   </div>
   <div class='ocr_carea' id='block_1_16' title="bbox 118 1531 644 1808">
    <p class='ocr_par' dir='ltr' id='par_1_22' title="bbox 118 1531 644 1808">
     <span class='ocr_line' id='line_1_54' title="bbox 118 1531 566 1566; baseline 0.002 -1"><span class='ocrx_word' id='word_1_178' title='bbox 118 1533 147 1565; x_wconf 81' lang='lat'><strong>1.</strong></span> <span class='ocrx_word' id='word_1_179' title='bbox 187 1531 301 1564; x_wconf 76' lang='lat' dir='ltr'><strong>Novae</strong></span> <span class='ocrx_word' id='word_1_180' title='bbox 324 1532 430 1565; x_wconf 89' lang='lat' dir='ltr'><strong>laudis</strong></span> <span class='ocrx_word' id='word_1_181' title='bbox 459 1533 566 1566; x_wconf 81' lang='lat' dir='ltr'><strong>studio</strong></span> 
     </span>
     <span class='ocr_line' id='line_1_55' title="bbox 212 1579 605 1614; baseline 0.008 -3"><span class='ocrx_word' id='word_1_182' title='bbox 212 1579 337 1612; x_wconf 88' lang='lat' dir='ltr'><strong>Psallat</strong></span> <span class='ocrx_word' id='word_1_183' title='bbox 362 1580 443 1613; x_wconf 86' lang='lat' dir='ltr'><strong>haec</strong></span> <span class='ocrx_word' id='word_1_184' title='bbox 468 1582 605 1614; x_wconf 85' lang='lat' dir='ltr'><strong>societas</strong></span> 
     </span>
     <span class='ocr_line' id='line_1_56' title="bbox 236 1628 545 1670; baseline 0.006 -10"><span class='ocrx_word' id='word_1_185' title='bbox 236 1628 375 1660; x_wconf 83' lang='lat' dir='ltr'><strong>Remota</strong></span> <span class='ocrx_word' id='word_1_186' title='bbox 399 1629 545 1670; x_wconf 79' lang='lat' dir='ltr'><strong>tristitia,</strong></span> 
     </span>
     <span class='ocr_line' id='line_1_57' title="bbox 188 1675 483 1718; baseline 0.007 -11"><span class='ocrx_word' id='word_1_187' title='bbox 188 1675 315 1709; x_wconf 67' lang='lat' dir='ltr'><strong>Yacare</strong></span> <span class='ocrx_word' id='word_1_188' title='bbox 337 1677 483 1718; x_wconf 87' lang='lat' dir='ltr'><strong>tripudio</strong></span> 
     </span>
     <span class='ocr_line' id='line_1_58' title="bbox 214 1724 533 1765; baseline 0.006 -9"><span class='ocrx_word' id='word_1_189' title='bbox 214 1724 300 1757; x_wconf 82' lang='lat' dir='ltr'><strong>Velit</strong></span> <span class='ocrx_word' id='word_1_190' title='bbox 326 1725 405 1757; x_wconf 85' lang='lat' dir='ltr'><strong>cleri</strong></span> <span class='ocrx_word' id='word_1_191' title='bbox 428 1725 533 1765; x_wconf 84' lang='lat' dir='ltr'><strong>pietas</strong></span> 
     </span>
     <span class='ocr_line' id='line_1_59' title="bbox 239 1772 644 1808; baseline 0.007 -4"><span class='ocrx_word' id='word_1_192' title='bbox 239 1772 317 1805; x_wconf 87' lang='lat' dir='ltr'><strong>Cum</strong></span> <span class='ocrx_word' id='word_1_193' title='bbox 344 1773 451 1806; x_wconf 84' lang='lat' dir='ltr'><strong>cordis</strong></span> <span class='ocrx_word' id='word_1_194' title='bbox 477 1774 644 1808; x_wconf 87' lang='lat' dir='ltr'><strong>munditia.</strong></span> 
     </span>
    </p>
   </div>
   <div class='ocr_carea' id='block_1_17' title="bbox 189 1829 659 2411">
    <p class='ocr_par' dir='ltr' id='par_1_23' title="bbox 189 1829 600 1967">
     <span class='ocr_line' id='line_1_60' title="bbox 189 1829 600 1872; baseline 0.005 -11"><span class='ocrx_word' id='word_1_195' title='bbox 189 1829 262 1862; x_wconf 83' lang='lat' dir='ltr'><strong>Hac</strong></span> <span class='ocrx_word' id='word_1_196' title='bbox 288 1830 350 1871; x_wconf 84' lang='lat' dir='ltr'><strong>die,</strong></span> <span class='ocrx_word' id='word_1_197' title='bbox 377 1840 441 1872; x_wconf 85' lang='lat' dir='ltr'><strong>qua</strong></span> <span class='ocrx_word' id='word_1_198' title='bbox 464 1832 600 1872; x_wconf 87' lang='lat' dir='ltr'><strong>gloriam</strong></span> 
     </span>
     <span class='ocr_line' id='line_1_61' title="bbox 214 1878 595 1920; baseline 0.005 -10"><span class='ocrx_word' id='word_1_199' title='bbox 214 1878 376 1911; x_wconf 85' lang='lat' dir='ltr'><strong>Summam</strong></span> <span class='ocrx_word' id='word_1_200' title='bbox 402 1879 595 1920; x_wconf 80' lang='lat' dir='ltr'><strong>adipiscitur</strong></span> 
     </span>
     <span class='ocr_line' id='line_1_62' title="bbox 238 1927 573 1967; baseline 0.006 -9"><span class='ocrx_word' id='word_1_201' title='bbox 238 1927 422 1960; x_wconf 79' lang='lat' dir='ltr'><strong>Katharina</strong></span> <span class='ocrx_word' id='word_1_202' title='bbox 445 1928 573 1967; x_wconf 86' lang='lat' dir='ltr'><strong>nobilis,</strong></span> 
     </span>
    </p>

    <p class='ocr_par' dir='ltr' id='par_1_24' title="bbox 193 1973 643 2106">
     <span class='ocr_line' id='line_1_63' title="bbox 193 1973 565 2013; baseline 0.008 -8"><span class='ocrx_word' id='word_1_203' title='bbox 193 1973 354 2013; x_wconf 83' lang='lat' dir='ltr'><strong>Cujusque</strong></span> <span class='ocrx_word' id='word_1_204' title='bbox 377 1977 565 2008; x_wconf 87' lang='lat' dir='ltr'><strong>memoriam</strong></span> 
     </span>
     <span class='ocr_line' id='line_1_64' title="bbox 215 2021 614 2062; baseline 0.008 -9"><span class='ocrx_word' id='word_1_205' title='bbox 215 2021 386 2062; x_wconf 84' lang='lat' dir='ltr'><strong>Nunquam</strong></span> <span class='ocrx_word' id='word_1_206' title='bbox 412 2022 614 2056; x_wconf 83' lang='lat' dir='ltr'><strong>obliviscitur</strong></span> 
     </span>
     <span class='ocr_line' id='line_1_65' title="bbox 242 2069 643 2106; baseline 0.012 -5"><span class='ocrx_word' id='word_1_207' title='bbox 242 2069 344 2102; x_wconf 85' lang='lat' dir='ltr'><strong>Cursu</strong></span> <span class='ocrx_word' id='word_1_208' title='bbox 367 2071 480 2103; x_wconf 88' lang='lat' dir='ltr'><strong>mundi</strong></span> <span class='ocrx_word' id='word_1_209' title='bbox 504 2071 643 2106; x_wconf 90' lang='lat' dir='ltr'><strong>mobilis.</strong></span> 
     </span>
    </p>

    <p class='ocr_par' dir='ltr' id='par_1_25' title="bbox 192 2127 640 2267">
     <span class='ocr_line' id='line_1_66' title="bbox 192 2127 596 2171; baseline 0.007 -12"><span class='ocrx_word' id='word_1_210' title='bbox 192 2127 284 2159; x_wconf 88' lang='lat' dir='ltr'><strong>Haec</strong></span> <span class='ocrx_word' id='word_1_211' title='bbox 308 2130 355 2159; x_wconf 86' lang='lat' dir='ltr'><strong>est</strong></span> <span class='ocrx_word' id='word_1_212' title='bbox 380 2129 471 2169; x_wconf 85' lang='lat' dir='ltr'><strong>virgo</strong></span> <span class='ocrx_word' id='word_1_213' title='bbox 497 2129 596 2171; x_wconf 86' lang='lat' dir='ltr'><strong>regia,</strong></span> 
     </span>
     <span class='ocr_line' id='line_1_67' title="bbox 217 2176 640 2218; baseline 0.005 -10"><span class='ocrx_word' id='word_1_214' title='bbox 217 2176 305 2215; x_wconf 78' lang='lat' dir='ltr'><strong>Quae</strong></span> <span class='ocrx_word' id='word_1_215' title='bbox 327 2177 498 2216; x_wconf 86' lang='lat' dir='ltr'><strong>praeclaro</strong></span> <span class='ocrx_word' id='word_1_216' title='bbox 523 2186 640 2218; x_wconf 85' lang='lat' dir='ltr'><strong>genere</strong></span> 
     </span>
     <span class='ocr_line' id='line_1_68' title="bbox 241 2222 582 2267; baseline 0.009 -12"><span class='ocrx_word' id='word_1_217' title='bbox 241 2222 330 2257; x_wconf 85' lang='lat' dir='ltr'><strong>Oosti</strong></span> <span class='ocrx_word' id='word_1_218' title='bbox 358 2226 444 2267; x_wconf 84' lang='lat' dir='ltr'><strong>regis</strong></span> <span class='ocrx_word' id='word_1_219' title='bbox 470 2226 582 2267; x_wconf 87' lang='lat' dir='ltr'><strong>oritur,</strong></span> 
     </span>
    </p>

    <p class='ocr_par' dir='ltr' id='par_1_26' title="bbox 192 2272 494 2314">
     <span class='ocr_line' id='line_1_69' title="bbox 192 2272 494 2314; baseline 0.007 -10"><span class='ocrx_word' id='word_1_220' title='bbox 192 2272 340 2305; x_wconf 81' lang='lat' dir='ltr'><strong>Moribus</strong></span> <span class='ocrx_word' id='word_1_221' title='bbox 366 2273 494 2314; x_wconf 87' lang='lat' dir='ltr'><strong>egregia</strong></span> 
     </span>
    </p>

    <p class='ocr_par' dir='ltr' id='par_1_27' title="bbox 217 2321 659 2411">
     <span class='ocr_line' id='line_1_70' title="bbox 217 2321 585 2355; baseline 0 -1"><span class='ocrx_word' id='word_1_222' title='bbox 217 2321 284 2354; x_wconf 83' lang='lat' dir='ltr'><strong>Sub</strong></span> <span class='ocrx_word' id='word_1_223' title='bbox 314 2323 428 2354; x_wconf 87' lang='lat' dir='ltr'><strong>aetatis</strong></span> <span class='ocrx_word' id='word_1_224' title='bbox 454 2325 585 2355; x_wconf 86' lang='lat' dir='ltr'><strong>tenerae</strong></span> 
     </span>
     <span class='ocr_line' id='line_1_71' title="bbox 242 2369 659 2411; baseline 0.007 -9"><span class='ocrx_word' id='word_1_225' title='bbox 242 2369 341 2402; x_wconf 84' lang='lat' dir='ltr'><strong>Flore</strong></span> <span class='ocrx_word' id='word_1_226' title='bbox 365 2372 490 2411; x_wconf 72' lang='lat' dir='ltr'><strong>martyr</strong></span> <span class='ocrx_word' id='word_1_227' title='bbox 513 2371 659 2406; x_wconf 89' lang='lat' dir='ltr'><strong>moritur.</strong></span> 
     </span>
    </p>
   </div>
   <div class='ocr_carea' id='block_1_18' title="bbox 117 1832 150 1862">
    <p class='ocr_par' dir='ltr' id='par_1_28' title="bbox 117 1832 150 1862">
     <span class='ocr_line' id='line_1_72' title="bbox 117 1832 150 1862; textangle 90"><span class='ocrx_word' id='word_1_228' title='bbox 117 1832 150 1862; x_wconf 57' lang='grc' dir='ltr'><strong>ΕΟ</strong></span> 
     </span>
    </p>
   </div>
   <div class='ocr_carea' id='block_1_19' title="bbox 120 2128 152 2161">
    <p class='ocr_par' dir='ltr' id='par_1_29' title="bbox 120 2128 152 2161">
     <span class='ocr_line' id='line_1_73' title="bbox 120 2128 152 2161; textangle 90"><span class='ocrx_word' id='word_1_229' title='bbox 120 2128 152 2161; x_wconf 71' lang='lat'><strong>,0³</strong></span> 
     </span>
    </p>
   </div>
   <div class='ocr_carea' id='block_1_20' title="bbox 814 1535 1216 1576">
    <p class='ocr_par' dir='ltr' id='par_1_30' title="bbox 814 1535 1216 1576">
     <span class='ocr_line' id='line_1_74' title="bbox 814 1535 1216 1576; baseline 0 -9"><span class='ocrx_word' id='word_1_230' title='bbox 814 1536 847 1568; x_wconf 77' lang='lat'><strong>4.</strong></span> <span class='ocrx_word' id='word_1_231' title='bbox 889 1535 997 1568; x_wconf 87' lang='lat' dir='ltr'><strong>Iniens</strong></span> <span class='ocrx_word' id='word_1_232' title='bbox 1023 1536 1216 1576; x_wconf 78' lang='lat' dir='ltr'><strong>martyrium</strong></span> 
     </span>
    </p>
   </div>
   <div class='ocr_carea' id='block_1_21' title="bbox 887 1582 1377 1812">
    <p class='ocr_par' dir='ltr' id='par_1_31' title="bbox 910 1582 1316 1672">
     <span class='ocr_line' id='line_1_75' title="bbox 910 1582 1254 1624; baseline 0.012 -9"><span class='ocrx_word' id='word_1_233' title='bbox 910 1582 1007 1616; x_wconf 86' lang='lat' dir='ltr'><strong>Fidei</strong></span> <span class='ocrx_word' id='word_1_234' title='bbox 1031 1592 1092 1624; x_wconf 87' lang='lat' dir='ltr'><strong>pro</strong></span> <span class='ocrx_word' id='word_1_235' title='bbox 1116 1584 1254 1619; x_wconf 71' lang='lat' dir='ltr'><strong>nomine,</strong></span> 
     </span>
     <span class='ocr_line' id='line_1_76' title="bbox 937 1630 1316 1672; baseline 0.005 -9"><span class='ocrx_word' id='word_1_236' title='bbox 937 1630 1069 1672; x_wconf 85' lang='lat' dir='ltr'><strong>Sprevit</strong></span> <span class='ocrx_word' id='word_1_237' title='bbox 1095 1633 1171 1665; x_wconf 86' lang='lat' dir='ltr'><strong>deos</strong></span> <span class='ocrx_word' id='word_1_238' title='bbox 1196 1633 1316 1672; x_wconf 74' lang='lat' dir='ltr'><strong>viliter,</strong></span> 
     </span>
    </p>

    <p class='ocr_par' dir='ltr' id='par_1_32' title="bbox 887 1680 1377 1812">
     <span class='ocr_line' id='line_1_77' title="bbox 887 1680 1250 1721; baseline 0 -8"><span class='ocrx_word' id='word_1_239' title='bbox 887 1680 987 1713; x_wconf 77' lang='lat' dir='ltr'><strong>Juxta</strong></span> <span class='ocrx_word' id='word_1_240' title='bbox 1011 1688 1108 1721; x_wconf 89' lang='lat' dir='ltr'><strong>posse</strong></span> <span class='ocrx_word' id='word_1_241' title='bbox 1133 1680 1250 1713; x_wconf 80' lang='lat' dir='ltr'><strong>virium</strong></span> 
     </span>
     <span class='ocr_line' id='line_1_78' title="bbox 912 1727 1377 1771; baseline 0.006 -12"><span class='ocrx_word' id='word_1_242' title='bbox 912 1727 1047 1762; x_wconf 77' lang='lat' dir='ltr'><strong>Certans</strong></span> <span class='ocrx_word' id='word_1_243' title='bbox 1072 1738 1133 1769; x_wconf 89' lang='lat' dir='ltr'><strong>pro</strong></span> <span class='ocrx_word' id='word_1_244' title='bbox 1159 1731 1201 1769; x_wconf 86' lang='lat' dir='ltr'><strong>te,</strong></span> <span class='ocrx_word' id='word_1_245' title='bbox 1228 1729 1377 1771; x_wconf 87' lang='lat' dir='ltr'><strong>Domine,</strong></span> 
     </span>
     <span class='ocr_line' id='line_1_79' title="bbox 935 1776 1240 1812; baseline 0.013 -4"><span class='ocrx_word' id='word_1_246' title='bbox 935 1776 1067 1810; x_wconf 83' lang='lat' dir='ltr'><strong>Devicit</strong></span> <span class='ocrx_word' id='word_1_247' title='bbox 1090 1778 1240 1812; x_wconf 73' lang='lat' dir='ltr'><strong>viriliter.</strong></span> 
     </span>
    </p>
   </div>
   <div class='ocr_carea' id='block_1_22' title="bbox 842 1834 1181 1876">
    <p class='ocr_par' dir='ltr' id='par_1_33' title="bbox 842 1834 1181 1876">
     <span class='ocr_line' id='line_1_80' title="bbox 842 1834 1181 1876; baseline 0.006 -10"><span class='ocrx_word' id='word_1_248' title='bbox 842 1860 848 1866; x_wconf 94' lang='lat'><em>.</em></span> <span class='ocrx_word' id='word_1_249' title='bbox 887 1834 976 1867; x_wconf 75' lang='lat' dir='ltr'><strong>Vicit</strong></span> <span class='ocrx_word' id='word_1_250' title='bbox 999 1836 1033 1868; x_wconf 90' lang='lat' dir='ltr'><strong>in</strong></span> <span class='ocrx_word' id='word_1_251' title='bbox 1059 1836 1181 1876; x_wconf 89' lang='lat' dir='ltr'><strong>palatio</strong></span> 
     </span>
    </p>
   </div>
   <div class='ocr_carea' id='block_1_23' title="bbox 890 1881 1323 2116">
    <p class='ocr_par' dir='ltr' id='par_1_34' title="bbox 915 1881 1323 1925">
     <span class='ocr_line' id='line_1_81' title="bbox 915 1881 1323 1925; baseline 0.005 -10"><span class='ocrx_word' id='word_1_252' title='bbox 915 1881 1086 1916; x_wconf 85' lang='lat' dir='ltr'><strong>Caesarem</strong></span> <span class='ocrx_word' id='word_1_253' title='bbox 1108 1885 1323 1925; x_wconf 78' lang='lat' dir='ltr'><strong>Maxentium,</strong></span> 
     </span>
    </p>

    <p class='ocr_par' dir='ltr' id='par_1_35' title="bbox 890 1931 1319 2116">
     <span class='ocr_line' id='line_1_82' title="bbox 938 1931 1319 1974; baseline 0.008 -11"><span class='ocrx_word' id='word_1_254' title='bbox 938 1931 1044 1965; x_wconf 77' lang='lat' dir='ltr'><strong>Saeva</strong></span> <span class='ocrx_word' id='word_1_255' title='bbox 1067 1933 1200 1972; x_wconf 88' lang='lat' dir='ltr'><strong>plenum</strong></span> <span class='ocrx_word' id='word_1_256' title='bbox 1223 1932 1319 1974; x_wconf 80' lang='lat' dir='ltr'><strong>furia,</strong></span> 
     </span>
     <span class='ocr_line' id='line_1_83' title="bbox 890 1978 1233 2020; baseline 0.006 -8"><span class='ocrx_word' id='word_1_257' title='bbox 890 1978 1124 2020; x_wconf 83' lang='lat' dir='ltr'><strong>Magistrorum</strong></span> <span class='ocrx_word' id='word_1_258' title='bbox 1149 1982 1233 2014; x_wconf 89' lang='lat' dir='ltr'><strong>ratio</strong></span> 
     </span>
     <span class='ocr_line' id='line_1_84' title="bbox 915 2028 1232 2069; baseline 0.003 -8"><span class='ocrx_word' id='word_1_259' title='bbox 915 2028 1006 2061; x_wconf 86' lang='lat' dir='ltr'><strong>Perit</strong></span> <span class='ocrx_word' id='word_1_260' title='bbox 1026 2030 1232 2069; x_wconf 82' lang='lat' dir='ltr'><strong>arguentium</strong></span> 
     </span>
     <span class='ocr_line' id='line_1_85' title="bbox 940 2076 1230 2116; baseline 0.01 -9"><span class='ocrx_word' id='word_1_261' title='bbox 940 2076 979 2107; x_wconf 84' lang='lat' dir='ltr'><strong>In</strong></span> <span class='ocrx_word' id='word_1_262' title='bbox 1004 2077 1106 2116; x_wconf 87' lang='lat' dir='ltr'><strong>regali</strong></span> <span class='ocrx_word' id='word_1_263' title='bbox 1133 2078 1230 2111; x_wconf 86' lang='lat' dir='ltr'><strong>curia.</strong></span> 
     </span>
    </p>
   </div>
   <div class='ocr_carea' id='block_1_24' title="bbox 818 2133 1249 2177">
    <p class='ocr_par' dir='ltr' id='par_1_36' title="bbox 818 2133 1249 2177">
     <span class='ocr_line' id='line_1_86' title="bbox 818 2133 1249 2177; baseline 0.009 -13"><span class='ocrx_word' id='word_1_264' title='bbox 818 2133 849 2165; x_wconf 83' lang='lat'><strong>6.</strong></span> <span class='ocrx_word' id='word_1_265' title='bbox 890 2133 1025 2175; x_wconf 82' lang='lat' dir='ltr'><strong>Regina,</strong></span> <span class='ocrx_word' id='word_1_266' title='bbox 1049 2135 1249 2177; x_wconf 73' lang='lat' dir='ltr'><strong>Porphyrius</strong></span> 
     </span>
    </p>
   </div>
   <div class='ocr_carea' id='block_1_25' title="bbox 889 2180 1343 2413">
    <p class='ocr_par' dir='ltr' id='par_1_37' title="bbox 916 2180 1343 2219">
     <span class='ocr_line' id='line_1_87' title="bbox 916 2180 1343 2219; baseline 0.016 -7"><span class='ocrx_word' id='word_1_267' title='bbox 916 2180 1061 2215; x_wconf 82' lang='lat' dir='ltr'><strong>Credunt</strong></span> <span class='ocrx_word' id='word_1_268' title='bbox 1085 2191 1157 2215; x_wconf 85' lang='lat' dir='ltr'><strong>cum</strong></span> <span class='ocrx_word' id='word_1_269' title='bbox 1181 2185 1343 2219; x_wconf 80' lang='lat' dir='ltr'><strong>modes-tia</strong></span> 
     </span>
    </p>

    <p class='ocr_par' dir='ltr' id='par_1_38' title="bbox 889 2228 1320 2371">
     <span class='ocr_line' id='line_1_88' title="bbox 938 2228 1320 2270; baseline 0.021 -10"><span class='ocrx_word' id='word_1_270' title='bbox 938 2228 1081 2270; x_wconf 86' lang='lat' dir='ltr'><strong>Virginis</strong></span> <span class='ocrx_word' id='word_1_271' title='bbox 1107 2233 1320 2269; x_wconf 58' lang='lat' dir='ltr'><strong>sermonibus,</strong></span> 
     </span>
     <span class='ocr_line' id='line_1_89' title="bbox 889 2277 1210 2317; baseline 0.012 -9"><span class='ocrx_word' id='word_1_272' title='bbox 889 2277 1071 2317; x_wconf 84' lang='lat' dir='ltr'><strong>Imperator</strong></span> <span class='ocrx_word' id='word_1_273' title='bbox 1098 2280 1210 2315; x_wconf 81' lang='lat' dir='ltr'><strong>durius</strong></span> 
     </span>
     <span class='ocr_line' id='line_1_90' title="bbox 914 2325 1305 2371; baseline 0.018 -13"><span class='ocrx_word' id='word_1_274' title='bbox 914 2325 1053 2359; x_wconf 88' lang='lat' dir='ltr'><strong>Frendit</strong></span> <span class='ocrx_word' id='word_1_275' title='bbox 1078 2330 1165 2361; x_wconf 90' lang='lat' dir='ltr'><strong>omni</strong></span> <span class='ocrx_word' id='word_1_276' title='bbox 1189 2329 1305 2371; x_wconf 85' lang='lat' dir='ltr'><strong>bestia,</strong></span> 
     </span>
    </p>

    <p class='ocr_par' dir='ltr' id='par_1_39' title="bbox 938 2373 1273 2413">
     <span class='ocr_line' id='line_1_91' title="bbox 938 2373 1273 2413; baseline 0.024 -8"><span class='ocrx_word' id='word_1_277' title='bbox 938 2373 1033 2407; x_wconf 88' lang='lat' dir='ltr'><strong>Ursis</strong></span> <span class='ocrx_word' id='word_1_278' title='bbox 1060 2378 1091 2408; x_wconf 90' lang='lat' dir='ltr'><strong>et</strong></span> <span class='ocrx_word' id='word_1_279' title='bbox 1115 2377 1273 2413; x_wconf 85' lang='lat' dir='ltr'><strong>leonibus.</strong></span> 
     </span>
    </p>
   </div>
  </div>
 </body>
</html>
