1655 2624
706 69 755 75 -.
804 50 849 85 35
900 70 950 76 „-

802 145 858 185 18.

459 221 596 261 Hymnus
620 221 658 253 de
679 221 817 254 adventu
835 221 959 254 Domini
980 221 1020 253 ad
1039 230 1198 263 vesperas.

164 291 197 325 1.
236 291 394 325 Conditor
420 293 508 325 alme
530 292 684 333 siderum,
862 295 894 327 4.
935 293 1033 334 Cujus
1059 293 1137 327 forti
1160 293 1325 335 potentiae

233 340 379 372 Aeterna
402 341 458 374 lux
485 340 693 384 credentium,
934 340 1027 374 Genu
1051 340 1224 374 flectuntur
1249 342 1365 380 omnia,

234 386 372 429 Christe,
400 389 588 429 redemptor
613 389 762 429 omnium,
934 389 1102 432 Coelestia,
1128 390 1296 423 terrestria

232 435 364 469 Exaudi
387 445 502 478 preces
528 436 722 477 supplicum.
930 436 1090 471 Fatentur
1113 442 1195 470 nutu
1219 437 1360 471 subdita.

161 494 192 525 2.
233 493 295 532 Qui
318 494 502 534 condolens,
529 494 664 525 interitu
861 497 893 528 5.
931 494 979 526 Te
1005 495 1227 538 deprecamur,
1251 495 1356 535 hagie,

229 540 348 574 Mortis
374 541 482 582 perire
506 541 678 584 saeculum,
931 541 1075 575 Venture
1096 543 1199 582 judex
1224 543 1354 584 saeculi,

204 618 210 627 ,
230 588 371 622 salvasti
396 589 552 621 mundum
576 589 765 630 languidum
930 589 1094 623 Conserva
1117 600 1176 622 nos
1201 591 1235 622 in
1260 593 1348 631 temp
1361 602 1405 624 »rc

230 635 363 669 Donans
389 636 453 669 reis
479 637 676 681 remedium3
929 637 1043 670 Noctis
1070 648 1089 671 a
1112 639 1178 671 telo
1203 637 1332 679 perfidi.

157 695 189 729 3.
229 693 392 735 Vergente
416 694 530 727 mundi
553 703 690 734 vespere
858 697 889 729 6.
929 694 1028 735 Laus,
1054 696 1167 733 honor,
1194 696 1306 738 virtus,
1334 697 1438 737 gloria

227 741 286 776 Uti
311 751 447 783 sponsus
475 743 516 774 de
541 742 683 775 thalamo
929 742 999 775 Deo
1029 743 1117 784 patri
1143 752 1214 775 eum
1239 743 1317 784 filio,

227 789 388 831 Egressus
413 790 641 823 honestissime
930 790 1050 824 Sancto
1076 791 1170 824 simul
1196 791 1355 832 paraclito

229 838 372 879 Virginis
402 839 516 871 matris
545 839 697 871 clausula.
930 839 969 871 In
995 839 1192 880 sempiterna
1216 839 1355 872 saecula.

231 904 295 933 F01.
312 906 327 932 5
341 913 367 932 a.
415 920 426 923 -
446 904 523 931 Dan.
546 905 569 932 I.
591 905 637 931 7-1.
659 904 757 932 lione.
780 903 824 931 34.
857 904 1028 939 „Hymnum
1050 905 1085 933 de
1106 904 1255 932 adventu“
1282 906 1330 932 etc.
1352 905 1405 933 Hs.
1427 904 1491 933 hier

152 943 214 970 und
233 945 277 971 im
296 942 455 979 folgenden
479 945 551 971 stets
573 945 646 971 statt
665 942 716 970 des
735 942 933 970 Nominativs.

789 1032 848 1072 19.

641 1110 677 1141 In
694 1110 800 1150 prima
822 1110 988 1141 nocturna.

151 1183 182 1215 1.
222 1181 364 1216 Verbum
390 1190 563 1221 supernum
588 1181 753 1224 prodienS,
853 1182 883 1215 3.
924 1179 1095 1221 Judexque
1125 1189 1197 1212 cum
1221 1184 1296 1222 post
1321 1182 1438 1223 aderiS,

219 1231 251 1263 A
276 1232 370 1270 patre
396 1229 473 1262 olim
499 1231 619 1269 exiens,
921 1228 1047 1261 Rimari
1076 1227 1164 1260 facta
1188 1229 1341 1270 pectoris,

221 1278 283 1318 Qui
306 1281 402 1311 natus
427 1277 500 1310 orbi
523 1278 675 1311 subvenis
829 1309 835 1315 ,
921 1276 1075 1309 Reddens
1101 1277 1206 1308 vicem
1230 1285 1289 1317 pro
1317 1277 1438 1310 abditis

220 1327 324 1360 Cursu
350 1325 467 1358 declivi
491 1325 665 1367 temporis;
920 1323 1085 1365 Justisque
1109 1333 1244 1365 regnum
1268 1333 1328 1364 pro
1353 1325 1457 1365 boniS,

147 1386 178 1418 2.
216 1384 369 1417 Illumina
396 1392 482 1416 nunc
506 1387 639 1424 pectora
846 1384 879 1415 4.
918 1381 992 1414 Non
1024 1382 1152 1414 demum
1176 1384 1321 1414 artemur
1344 1383 1439 1414 malis

216 1432 348 1473 Tuoque
373 1440 483 1465 amore
508 1439 686 1471 concrema,
917 1429 982 1463 Pro
1008 1431 1165 1470 qualitate
1191 1429 1370 1471 criminum,

216 1480 340 1513 Audita
362 1483 399 1512 ut
423 1480 607 1520 praeconia,
918 1476 984 1511 Sed
1009 1487 1081 1510 cum
1106 1478 1211 1510 beatis
1238 1481 1402 1519 compotes

217 1529 290 1562 Sint
313 1529 407 1569 pulsa
430 1528 562 1561 tandem
582 1527 717 1560 lubrica.
917 1525 1022 1559 Simus
1047 1535 1191 1568 perenne
1217 1526 1368 1562 caelibes

637 1587 668 1620 5.
707 1586 854 1627 Praesta,
880 1586 984 1626 pater.

227 1653 290 1681 Fol.
313 1654 328 1681 5
351 1653 380 1681 b.
404 1669 440 1673 —
461 1653 538 1681 Dan.
559 1653 583 1681 I.
605 1653 657 1687 773
678 1653 776 1681 Mone.
799 1651 844 1680 33.

607 1812 643 1845 In
664 1812 831 1846 matutinis
851 1812 1012 1844 laudibus.

146 1885 176 1917 1.
216 1885 287 1917 Vox
311 1885 400 1917 clara
425 1892 500 1916 ccce
524 1884 659 1925 intonat,
844 1886 874 1918 3.
913 1883 944 1917 E
970 1893 1097 1916 sursum
1125 1892 1226 1922 agnus
1251 1883 1403 1925 mittitur,

215 1933 360 1967 Obscura
386 1941 531 1979 quaeque
554 1933 713 1974 increpat,
914 1932 1041 1965 Lagare
1065 1931 1167 1973 gratis
1195 1932 1348 1972 debitum,

214 1981 384 2015 Pellantur
409 1981 532 2014 eminus
558 1981 692 2022 somnia,
917 1979 1034 2014 Omnes
1056 1988 1117 2021 pro
1142 1980 1348 2022 indulgentia

213 2031 266 2063 Ab
296 2030 408 2063 aethre
435 2030 582 2064 Christus
607 2029 776 2070 promicat.
914 2028 1036 2062 Vocem
1063 2029 1174 2061 demus
1202 2038 1274 2061 cum
1298 2029 1464 2071 lacrymis.

142 2089 172 2121 2.
213 2089 308 2123 Mens
330 2089 399 2129 jam
424 2091 574 2129 resurgat
597 2087 740 2130 turpida,
842 2089 874 2121 4.
913 2086 1061 2120 Secundo
1086 2089 1124 2119 ut
1149 2096 1220 2119 cum
1245 2086 1385 2128 fulserit,

213 2137 301 2177 Quae
325 2138 423 2170 sorde
447 2139 554 2169 exstat
578 2137 697 2179 saucia,
914 2135 1138 2177 Mundumque
1167 2144 1259 2168 error
1285 2136 1434 2179 cinxerit,

213 2185 309 2219 Sidus
334 2184 475 2226 refulget
495 2186 563 2226 jam
588 2194 716 2226 novum,
915 2183 989 2217 Non
1019 2194 1078 2225 pro
1105 2187 1198 2216 reatu
1222 2184 1348 2226 puniat,

211 2234 257 2268 Ut
281 2234 377 2267 tollat
401 2243 495 2267 omne
518 2235 659 2267 noxium.
757 2234 763 2240 “
916 2232 981 2266 Sed
1007 2233 1079 2273 pius
1104 2235 1182 2265 tunc
1206 2242 1265 2266 nos
1291 2236 1452 2275 protegat.

676 2292 708 2325 5.
746 2289 818 2324 Deo
842 2291 945 2333 patri.

215 2357 280 2387 Fol.
304 2359 320 2386 5
340 2359 369 2387 b.
385 2374 425 2379 —-
444 2358 522 2386 Dan.
544 2359 567 2387 I.
590 2358 636 2386 76.
