1655 2624
186 1333 218 1365 30

728 70 998 106 —155—

634 221 679 253 De
702 164 924 264 Ass11m12136n0
943 223 975 255 B.
997 224 1035 256 M.
1057 224 1095 256 V.

215 295 221 301 .
262 268 363 310 Virgo
388 270 534 311 prudens
560 272 708 313 graditur
892 277 923 308 4.
962 275 1072 309 Maria
1095 285 1154 309 nos
1179 276 1332 317 precibus

310 316 462 351 Sidereos
487 319 632 360 thronos,
1006 324 1085 356 Tuis
1112 325 1280 357 exauditos

260 364 300 397 In
327 374 438 399 omnes
466 368 632 400 extollitur
963 371 1052 404 Deus
1076 375 1195 414 purget
1222 371 1367 405 faecibus

308 414 485 455 Angelicos
515 416 640 450 choros,
1010 420 1140 452 Pellens
1165 429 1283 461 pravos
1309 421 1404 453 ritus,

260 461 355 495 Omni
380 463 479 503 plena
505 464 620 505 gratia,
893 468 923 501 5.
962 467 1067 501 Natus
1093 471 1229 500 matrem
1253 469 1397 509 praetuli

309 510 444 544 Scatens
475 511 547 545 fons
575 512 728 555 dulcoris,
1013 516 1167 549 Omnibus
1194 517 1315 557 electis,

260 558 306 592 Et
332 559 414 591 coeli
436 560 554 592 militia
962 563 1109 605 Regnum
1136 564 1166 596 ei
1191 565 1326 597 contulit

308 607 486 640 Praedulci
512 617 640 642 canore.
1011 612 1166 645 Paratum
1193 612 1329 646 dilectis,

259 655 307 688 Te
332 656 512 696 praelatam
538 657 670 691 sedibus
893 660 923 693 6.
962 658 1130 692 Praebens
1155 661 1184 692 ei
1209 660 1388 692 thalamum

310 703 448 736 Coelicis
474 705 624 748 resultat,
1015 707 1103 740 Coeli
1129 709 1339 753 aevsternum,

260 752 353 785 Haec
377 753 465 785 unde
489 753 583 794 plebs
608 754 761 787 laudibus
962 756 1060 790 Unde
1086 757 1173 797 cepit
1201 757 1360 789 hominem

308 800 347 833 In
371 802 470 834 terris
497 802 649 836 exsultat.
1010 804 1098 836 Deus
1124 805 1369 845 sempiternum.

263 858 304 886 W
324 859 380 886 mit
399 858 471 886 Mel.
492 874 530 878 —
552 860 578 894 4,
602 859 618 887 3
639 860 740 896 pulset
759 860 814 888 Hs.
838 875 877 879 —
898 861 923 895 5,
950 861 961 888 1
988 861 1114 897 pertulit
1133 861 1188 889 Hs.

703 991 748 1023 De
768 990 907 1023 adventu
930 991 964 1023 D.
985 991 1018 1023 N.

262 1042 299 1074 In
324 1042 387 1074 hoc
414 1040 497 1074 festo
523 1042 662 1075 Domino
960 1043 1013 1075 Ex
1038 1043 1142 1083 patris
1170 1044 1313 1085 consilio,

261 1090 379 1124 Omnes
406 1099 478 1123 cum
501 1090 646 1130 tripudio
960 1091 1105 1132 Mystico
1131 1090 1239 1124 officio

308 1138 396 1172 Odas
419 1147 618 1181 resonemus,
1008 1139 1153 1172 Verbum
1177 1140 1371 1174 incarnavit.

260 1187 360 1226 Quem
385 1196 450 1219 non
475 1187 550 1219 sinit
586 1196 712 1228 canere,
888 1190 921 1222 4.
961 1188 1116 1220 Tremens
1141 1187 1232 1230 virgo
1259 1188 1417 1229 percipit!²

258 1235 345 1268 Miro
373 1238 470 1268 cantu
496 1235 603 1268 colere
959 1236 1181 1276 Paranymphi
1207 1237 1344 1277 suscipit

307 1284 396 1317 Ordo
421 1292 643 1324 supernorum.
1012 1285 1091 1318 Cum
1116 1284 1242 1325 pudore
1267 1293 1391 1325 sonum⁷

259 1331 360 1371 Quem
384 1341 449 1364 non
476 1334 582 1364 cessat
607 1333 717 1365 dicere
960 1333 1082 1373 Regem
1108 1341 1218 1373 regum
1245 1333 1402 1373 coneipit7

258 1380 305 1413 Et
329 1389 386 1413 ore
415 1380 606 1420 praedicere
960 1381 1039 1413 Mox
1063 1381 1194 1422 gravari
1221 1381 1337 1421 incipit

307 1428 403 1462 Cetus
433 1428 620 1470 logicorum,
1009 1429 1134 1470 Regina
1160 1429 1331 1462 coelorum.

257 1477 327 1509 Ens
353 1485 538 1517 supremum
566 1477 698 1519 entium,
890 1479 920 1512 5.
961 1478 1069 1509 Verna
1093 1478 1207 1510 cohors
1234 1478 1357 1510 coelica

256 1525 379 1558 Rerum
405 1528 501 1566 atque
526 1526 678 1569 gentium,
959 1525 1099 1567 Laudat,
1128 1526 1185 1558 dos
1207 1526 1354 1567 angelica

310 1573 444 1606 Creator
471 1574 643 1609 coelorum.
1009 1572 1208 1607 Infantulum
1234 1577 1354 1615 natum,

256 1623 398 1656 Puerum
424 1621 572 1655 artificio.
961 1622 1077 1663 Stupet
1099 1632 1152 1655 ars
1175 1623 1243 1663 J'am
1264 1623 1402 1664 physica

258 1670 351 1710 Quod
374 1680 438 1703 non
466 1671 553 1711 capit
579 1671 673 1714 ratio,
962 1669 1105 1703 Cernens
1130 1674 1197 1703 tam
1221 1670 1367 1712 mirifica,

304 1719 392 1751 Mire
420 1719 594 1759 ordinavit,
1010 1719 1114 1751 Deum
1144 1719 1362 1753 humanatum.

558 1769 588 1801 6.
616 1765 662 1800 R0
691 1767 751 1807 Qui
778 1767 819 1800 de
842 1777 900 1801 suo
926 1768 1006 1800 solio

683 1817 748 1849 Pro
774 1819 886 1849 nostro
912 1815 1058 1849 subsidio

685 1864 849 1906 Luxitque
873 1865 908 1897 in
932 1864 1072 1898 saeculo.

261 1921 309 1950 W.
334 1922 391 1950 mit
408 1921 480 1950 Mel.
505 1936 540 1940 —
568 1918 625 1950 Str.
649 1921 665 1950 6
687 1921 732 1950 als
752 1919 794 1950 ΒΟ
816 1919 1002 1958 (Rundreim)
1021 1920 1099 1949 nach
1123 1921 1146 1956 1,
1170 1923 1185 1949 3
1208 1921 1263 1949 Hs.

687 2054 732 2086 De
754 2062 885 2096 corpore
908 2054 1034 2087 Christi.

255 2107 302 2141 Ut
325 2107 426 2148 igitur
450 2107 620 2148 plenitudo
960 2107 1074 2141 Virtus
1100 2108 1204 2148 patris
1228 2106 1442 2149 flammisque·

303 2156 402 2190 Venit
426 2156 591 2197 temporis,
1007 2156 1114 2189 Rosae
1137 2157 1295 2200 jungitur,

255 2204 399 2246 Virginis
426 2204 626 2237 mansionem
958 2204 1080 2237 Lilium
1106 2214 1145 2237 ex
1170 2214 1246 2238 rosa
1269 2205 1352 2238 miro

305 2253 445 2294 Accepit
470 2253 616 2294 corporis
1008 2253 1109 2286 Modo
1137 2254 1289 2298 gignitur,

254 2301 317 2334 Dei
349 2302 544 2343 unigenitus,
959 2302 1118 2335 Dominus
1143 2302 1313 2342 EmanueI,

254 2349 335 2391 Legi
359 2350 457 2391 plene
478 2350 638 2394 subditus,
961 2351 1060 2391 Quem
1087 2351 1251 2392 praedixit
1279 2350 1431 2392 Gabriel?

303 2399 350 2433 Ut
372 2399 458 2432 hanc
481 2399 667 2433 redimeret.
1004 2399 1123 2433 Matris
1148 2400 1183 2432 in
1206 2402 1300 2432 utero
