<?xml version="1.0" encoding="UTF-8"?>
<!DOCTYPE html PUBLIC "-//W3C//DTD XHTML 1.0 Transitional//EN"
    "http://www.w3.org/TR/xhtml1/DTD/xhtml1-transitional.dtd">
<html xmlns="http://www.w3.org/1999/xhtml" xml:lang="en" lang="en">
 <head>
  <title>
</title>
<meta http-equiv="Content-Type" content="text/html;charset=utf-8" />
  <meta name='ocr-system' content='tesseract 3.04.00' />
  <meta name='ocr-capabilities' content='ocr_page ocr_carea ocr_par ocr_line ocrx_word'/>
</head>
<body>
  <div class='ocr_page' id='page_1' title='image "./analectahymnica02drevuoft_00024.png"; bbox 0 0 1655 2624; ppageno 0'>
   <div class='ocr_carea' id='block_1_1' title="bbox 700 90 941 125">
    <p class='ocr_par' dir='ltr' id='par_1_1' title="bbox 700 90 941 125">
     <span class='ocr_line' id='line_1_1' title="bbox 700 90 941 125; baseline 0.008 -11"><span class='ocrx_word' id='word_1_1' title='bbox 700 90 941 125; x_wconf 33' lang='lat'>*21*</span> 
     </span>
    </p>
   </div>
   <div class='ocr_carea' id='block_1_2' title="bbox 125 182 1392 1952">
    <p class='ocr_par' dir='ltr' id='par_1_2' title="bbox 153 182 1259 219">
     <span class='ocr_line' id='line_1_2' title="bbox 153 182 1259 219; baseline 0.004 -7"><span class='ocrx_word' id='word_1_2' title='bbox 153 182 231 213; x_wconf 88' lang='lat' dir='ltr'>Veni</span> <span class='ocrx_word' id='word_1_3' title='bbox 253 183 348 214; x_wconf 83' lang='lat' dir='ltr'>dulcis</span> <span class='ocrx_word' id='word_1_4' title='bbox 370 185 548 216; x_wconf 78' lang='lat' dir='ltr'>consolator.</span> <span class='ocrx_word' id='word_1_5' title='bbox 850 187 971 217; x_wconf 81' lang='lat' dir='ltr'><strong>Adest</strong></span> <span class='ocrx_word' id='word_1_6' title='bbox 990 187 1068 218; x_wconf 88' lang='lat' dir='ltr'>dies</span> <span class='ocrx_word' id='word_1_7' title='bbox 1086 188 1259 219; x_wconf 85' lang='lat' dir='ltr'>celebris.</span> 
     </span>
    </p>

    <p class='ocr_par' dir='ltr' id='par_1_3' title="bbox 154 230 1323 274">
     <span class='ocr_line' id='line_1_3' title="bbox 154 230 1323 274; baseline 0.003 -13"><span class='ocrx_word' id='word_1_8' title='bbox 154 230 178 261; x_wconf 96' lang='lat' dir='ltr'>O</span> <span class='ocrx_word' id='word_1_9' title='bbox 201 232 334 269; x_wconf 83' lang='lat' dir='ltr'>gloriosa</span> <span class='ocrx_word' id='word_1_10' title='bbox 353 233 479 264; x_wconf 78' lang='lat' dir='ltr'>trinitas.</span> <span class='ocrx_word' id='word_1_11' title='bbox 849 234 973 265; x_wconf 85' lang='lat' dir='ltr'>Novus</span> <span class='ocrx_word' id='word_1_12' title='bbox 993 236 1151 273; x_wconf 84' lang='lat' dir='ltr'>praesul</span> <span class='ocrx_word' id='word_1_13' title='bbox 1170 235 1323 274; x_wconf 88' lang='lat' dir='ltr'>prodiit.</span> 
     </span>
    </p>

    <p class='ocr_par' dir='ltr' id='par_1_4' title="bbox 153 279 1200 321">
     <span class='ocr_line' id='line_1_4' title="bbox 153 279 1200 321; baseline 0.003 -12"><span class='ocrx_word' id='word_1_14' title='bbox 153 279 171 309; x_wconf 80' lang='lat' dir='ltr'><strong>J</strong></span> <span class='ocrx_word' id='word_1_15' title='bbox 175 280 307 311; x_wconf 81' lang='lat' dir='ltr'>ohannes</span> <span class='ocrx_word' id='word_1_16' title='bbox 329 281 440 313; x_wconf 76' lang='lat' dir='ltr'>Cluisti</span> <span class='ocrx_word' id='word_1_17' title='bbox 459 282 599 321; x_wconf 75' lang='lat' dir='ltr'><strong>baptista.</strong></span> <span class='ocrx_word' id='word_1_18' title='bbox 847 281 1027 314; x_wconf 84' lang='lat' dir='ltr'>Profitentes</span> <span class='ocrx_word' id='word_1_19' title='bbox 1048 283 1200 314; x_wconf 80' lang='lat' dir='ltr'>unitatem.</span> 
     </span>
    </p>

    <p class='ocr_par' dir='ltr' id='par_1_5' title="bbox 149 327 1378 561">
     <span class='ocr_line' id='line_1_5' title="bbox 152 327 1306 370; baseline 0.002 -12"><span class='ocrx_word' id='word_1_20' title='bbox 152 327 307 359; x_wconf 78' lang='lat' dir='ltr'>Johannes</span> <span class='ocrx_word' id='word_1_21' title='bbox 328 329 411 360; x_wconf 89' lang='lat' dir='ltr'>sidus</span> <span class='ocrx_word' id='word_1_22' title='bbox 434 330 586 361; x_wconf 85' lang='lat' dir='ltr'>coelicum.</span> <span class='ocrx_word' id='word_1_23' title='bbox 848 330 967 362; x_wconf 77' lang='lat' dir='ltr'>Instat</span> <span class='ocrx_word' id='word_1_24' title='bbox 985 334 1081 370; x_wconf 90' lang='lat' dir='ltr'>temp</span> <span class='ocrx_word' id='word_1_25' title='bbox 1091 340 1130 362; x_wconf 91' lang='lat' dir='ltr'>us</span> <span class='ocrx_word' id='word_1_26' title='bbox 1151 333 1306 370; x_wconf 78' lang='lat' dir='ltr'>gratiae.</span> 
     </span>
     <span class='ocr_line' id='line_1_6' title="bbox 151 374 1271 415; baseline 0.001 -9"><span class='ocrx_word' id='word_1_27' title='bbox 151 374 296 407; x_wconf 87' lang='lat' dir='ltr'>Donum</span> <span class='ocrx_word' id='word_1_28' title='bbox 315 377 436 415; x_wconf 75' lang='lat' dir='ltr'>patris</span> <span class='ocrx_word' id='word_1_29' title='bbox 458 381 494 408; x_wconf 90' lang='lat' dir='ltr'>et</span> <span class='ocrx_word' id='word_1_30' title='bbox 512 378 602 409; x_wconf 82' lang='lat' dir='ltr'>filii.</span> <span class='ocrx_word' id='word_1_31' title='bbox 847 378 1050 409; x_wconf 71' lang='lat' dir='ltr'><strong>Elisabeth</strong></span> <span class='ocrx_word' id='word_1_32' title='bbox 1070 381 1205 410; x_wconf 80' lang='lat' dir='ltr'>beatae</span> <span class='ocrx_word' id='word_1_33' title='bbox 1225 378 1271 409; x_wconf 83' lang='lat'>20.</span> 
     </span>
     <span class='ocr_line' id='line_1_7' title="bbox 152 423 1378 458; baseline 0.002 -4"><span class='ocrx_word' id='word_1_34' title='bbox 152 423 271 455; x_wconf 82' lang='lat' dir='ltr'>Candor</span> <span class='ocrx_word' id='word_1_35' title='bbox 294 425 447 456; x_wconf 75' lang='lat' dir='ltr'>claritatis.</span> <span class='ocrx_word' id='word_1_36' title='bbox 847 425 930 455; x_wconf 77' lang='lat' dir='ltr'>Jam</span> <span class='ocrx_word' id='word_1_37' title='bbox 949 427 1068 457; x_wconf 85' lang='lat' dir='ltr'>virtus</span> <span class='ocrx_word' id='word_1_38' title='bbox 1090 427 1179 457; x_wconf 82' lang='lat' dir='ltr'>almi</span> <span class='ocrx_word' id='word_1_39' title='bbox 1199 428 1378 458; x_wconf 90' lang='lat' dir='ltr'>numinis.</span> 
     </span>
     <span class='ocr_line' id='line_1_8' title="bbox 151 472 1230 512; baseline 0.002 -10"><span class='ocrx_word' id='word_1_40' title='bbox 151 472 273 503; x_wconf 80' lang='lat' dir='ltr'>Laudes</span> <span class='ocrx_word' id='word_1_41' title='bbox 294 473 375 503; x_wconf 83' lang='lat' dir='ltr'>dicat</span> <span class='ocrx_word' id='word_1_42' title='bbox 395 475 489 505; x_wconf 89' lang='lat' dir='ltr'>omnis</span> <span class='ocrx_word' id='word_1_43' title='bbox 513 478 604 505; x_wconf 83' lang='lat' dir='ltr'>aetas.</span> <span class='ocrx_word' id='word_1_44' title='bbox 847 472 928 503; x_wconf 80' lang='lat' dir='ltr'>Jam</span> <span class='ocrx_word' id='word_1_45' title='bbox 949 475 1074 512; x_wconf 77' lang='lat' dir='ltr'>caligo</span> <span class='ocrx_word' id='word_1_46' title='bbox 1095 483 1114 503; x_wconf 87' lang='lat' dir='ltr'>n</span> <span class='ocrx_word' id='word_1_47' title='bbox 1123 483 1139 504; x_wconf 94' lang='lat' dir='ltr'>o</span> <span class='ocrx_word' id='word_1_48' title='bbox 1148 476 1230 506; x_wconf 86' lang='lat' dir='ltr'>ctis.</span> 
     </span>
     <span class='ocr_line' id='line_1_9' title="bbox 149 519 1246 561; baseline 0.003 -12"><span class='ocrx_word' id='word_1_49' title='bbox 149 519 356 551; x_wconf 79' lang='lat' dir='ltr'>Elisabeth</span> <span class='ocrx_word' id='word_1_50' title='bbox 375 526 592 561; x_wconf 78' lang='lat' dir='ltr'>praegrata.</span> <span class='ocrx_word' id='word_1_51' title='bbox 848 520 921 550; x_wconf 86' lang='lat' dir='ltr'>Cum</span> <span class='ocrx_word' id='word_1_52' title='bbox 941 521 1049 558; x_wconf 75' lang='lat' dir='ltr'>gaudio</span> <span class='ocrx_word' id='word_1_53' title='bbox 1071 523 1246 553; x_wconf 82' lang='lat' dir='ltr'>concurrite.</span> 
     </span>
    </p>

    <p class='ocr_par' dir='ltr' id='par_1_6' title="bbox 148 567 1309 655">
     <span class='ocr_line' id='line_1_10' title="bbox 148 567 1309 602; baseline 0.003 -6"><span class='ocrx_word' id='word_1_54' title='bbox 148 568 199 598; x_wconf 85' lang='lat' dir='ltr'>Ad</span> <span class='ocrx_word' id='word_1_55' title='bbox 218 569 364 599; x_wconf 80' lang='lat' dir='ltr'>honorem</span> <span class='ocrx_word' id='word_1_56' title='bbox 384 574 414 600; x_wconf 77' lang='lat' dir='ltr'>et</span> <span class='ocrx_word' id='word_1_57' title='bbox 434 570 579 602; x_wconf 77' lang='lat' dir='ltr'>decorem.</span> <span class='ocrx_word' id='word_1_58' title='bbox 844 567 959 598; x_wconf 88' lang='lat' dir='ltr'>Nobis</span> <span class='ocrx_word' id='word_1_59' title='bbox 981 572 1038 598; x_wconf 89' lang='lat' dir='ltr'>est</span> <span class='ocrx_word' id='word_1_60' title='bbox 1056 578 1095 598; x_wconf 70' lang='lat' dir='ltr'>nn</span> <span class='ocrx_word' id='word_1_61' title='bbox 1108 572 1164 600; x_wconf 91' lang='lat' dir='ltr'>tus</span> <span class='ocrx_word' id='word_1_62' title='bbox 1184 570 1309 600; x_wconf 85' lang='lat' dir='ltr'>hodie.</span> 
     </span>
     <span class='ocr_line' id='line_1_11' title="bbox 148 615 1226 655; baseline 0.001 -9"><span class='ocrx_word' id='word_1_63' title='bbox 148 615 236 646; x_wconf 73' lang='lat' dir='ltr'>Beati</span> <span class='ocrx_word' id='word_1_64' title='bbox 257 617 308 655; x_wconf 83' lang='lat' dir='ltr'>qui</span> <span class='ocrx_word' id='word_1_65' title='bbox 329 619 472 648; x_wconf 83' lang='lat' dir='ltr'>esuriunt.</span> <span class='ocrx_word' id='word_1_66' title='bbox 845 615 951 646; x_wconf 80' lang='lat' dir='ltr'>Gaude</span> <span class='ocrx_word' id='word_1_67' title='bbox 969 616 1043 647; x_wconf 81' lang='lat' dir='ltr'>felix</span> <span class='ocrx_word' id='word_1_68' title='bbox 1061 618 1226 647; x_wconf 72' lang='lat' dir='ltr'>Pannonia.</span> 
     </span>
    </p>

    <p class='ocr_par' dir='ltr' id='par_1_7' title="bbox 149 662 1189 696">
     <span class='ocr_line' id='line_1_12' title="bbox 149 662 1189 696; baseline 0 -3"><span class='ocrx_word' id='word_1_69' title='bbox 149 662 201 694; x_wconf 86' lang='lat' dir='ltr'>Sol</span> <span class='ocrx_word' id='word_1_70' title='bbox 222 664 259 694; x_wconf 92' lang='lat' dir='ltr'>de</span> <span class='ocrx_word' id='word_1_71' title='bbox 279 665 366 695; x_wconf 82' lang='lat' dir='ltr'>stella</span> <span class='ocrx_word' id='word_1_72' title='bbox 388 666 489 696; x_wconf 84' lang='lat' dir='ltr'>oritur.</span> <span class='ocrx_word' id='word_1_73' title='bbox 844 663 923 694; x_wconf 86' lang='lat' dir='ltr'>Puer</span> <span class='ocrx_word' id='word_1_74' title='bbox 941 664 1028 695; x_wconf 90' lang='lat' dir='ltr'>nobis</span> <span class='ocrx_word' id='word_1_75' title='bbox 1048 665 1189 695; x_wconf 81' lang='lat' dir='ltr'>nascitur.</span> 
     </span>
    </p>

    <p class='ocr_par' dir='ltr' id='par_1_8' title="bbox 145 711 1194 752">
     <span class='ocr_line' id='line_1_13' title="bbox 145 711 1194 752; baseline 0.001 -11"><span class='ocrx_word' id='word_1_76' title='bbox 145 711 278 742; x_wconf 80' lang='lat' dir='ltr'>Michael</span> <span class='ocrx_word' id='word_1_77' title='bbox 298 714 375 743; x_wconf 88' lang='lat' dir='ltr'>coeli</span> <span class='ocrx_word' id='word_1_78' title='bbox 393 713 524 752; x_wconf 83' lang='lat' dir='ltr'>signifer.</span> <span class='ocrx_word' id='word_1_79' title='bbox 842 711 1023 749; x_wconf 79' lang='lat' dir='ltr'>Evangelizo</span> <span class='ocrx_word' id='word_1_80' title='bbox 1044 712 1194 751; x_wconf 82' lang='lat' dir='ltr'>gaudium.</span> 
     </span>
    </p>

    <p class='ocr_par' dir='ltr' id='par_1_9' title="bbox 144 759 1317 896">
     <span class='ocr_line' id='line_1_14' title="bbox 146 759 1296 798; baseline 0.003 -8"><span class='ocrx_word' id='word_1_81' title='bbox 146 760 193 791; x_wconf 76' lang='lat' dir='ltr'>Gr</span> <span class='ocrx_word' id='word_1_82' title='bbox 201 762 388 793; x_wconf 82' lang='lat' dir='ltr'>atulemur</span> <span class='ocrx_word' id='word_1_83' title='bbox 408 763 446 793; x_wconf 86' lang='lat' dir='ltr'>in</span> <span class='ocrx_word' id='word_1_84' title='bbox 465 764 537 795; x_wconf 84' lang='lat' dir='ltr'>hoc</span> <span class='ocrx_word' id='word_1_85' title='bbox 557 764 670 795; x_wconf 79' lang='lat' dir='ltr'>festo.</span> <span class='ocrx_word' id='word_1_86' title='bbox 843 759 945 789; x_wconf 70' lang='lat' dir='ltr'>Omnis</span> <span class='ocrx_word' id='word_1_87' title='bbox 965 760 1092 791; x_wconf 84' lang='lat' dir='ltr'>mundus</span> <span class='ocrx_word' id='word_1_88' title='bbox 1108 760 1296 798; x_wconf 82' lang='lat' dir='ltr'>jucundetur.</span> 
     </span>
     <span class='ocr_line' id='line_1_15' title="bbox 144 806 1174 850; baseline 0.004 -12"><span class='ocrx_word' id='word_1_89' title='bbox 144 808 195 838; x_wconf 88' lang='lat' dir='ltr'>Ad</span> <span class='ocrx_word' id='word_1_90' title='bbox 214 809 304 840; x_wconf 88' lang='lat' dir='ltr'>huius</span> <span class='ocrx_word' id='word_1_91' title='bbox 325 811 428 850; x_wconf 86' lang='lat' dir='ltr'>templi</span> <span class='ocrx_word' id='word_1_92' title='bbox 448 812 582 850; x_wconf 76' lang='lat' dir='ltr'>gloriam.</span> <span class='ocrx_word' id='word_1_93' title='bbox 844 806 1033 838; x_wconf 71' lang='lat' dir='ltr'>Gaudeamus</span> <span class='ocrx_word' id='word_1_94' title='bbox 1052 808 1174 847; x_wconf 71' lang='lat' dir='ltr'>pariter-</span> 
     </span>
     <span class='ocr_line' id='line_1_16' title="bbox 144 855 1317 896; baseline 0.002 -10"><span class='ocrx_word' id='word_1_95' title='bbox 144 856 330 888; x_wconf 82' lang='lat' dir='ltr'>Katharinac</span> <span class='ocrx_word' id='word_1_96' title='bbox 350 860 503 890; x_wconf 78' lang='lat' dir='ltr'>solemnia.</span> <span class='ocrx_word' id='word_1_97' title='bbox 841 855 923 887; x_wconf 84' lang='lat' dir='ltr'>Jam</span> <span class='ocrx_word' id='word_1_98' title='bbox 944 866 960 886; x_wconf 84' lang='lat' dir='ltr'>c</span> <span class='ocrx_word' id='word_1_99' title='bbox 968 866 1012 887; x_wconf 91' lang='lat' dir='ltr'>on</span> <span class='ocrx_word' id='word_1_100' title='bbox 1020 866 1033 887; x_wconf 91' lang='lat' dir='ltr'>s</span> <span class='ocrx_word' id='word_1_101' title='bbox 1041 867 1060 887; x_wconf 93' lang='lat' dir='ltr'>u</span> <span class='ocrx_word' id='word_1_102' title='bbox 1068 865 1106 894; x_wconf 81' lang='lat' dir='ltr'>rg</span> <span class='ocrx_word' id='word_1_103' title='bbox 1113 860 1179 886; x_wconf 90' lang='lat' dir='ltr'>unt</span> <span class='ocrx_word' id='word_1_104' title='bbox 1200 867 1247 896; x_wconf 89' lang='lat' dir='ltr'>pu</span> <span class='ocrx_word' id='word_1_105' title='bbox 1255 858 1317 887; x_wconf 87' lang='lat' dir='ltr'>eri.</span> 
     </span>
    </p>

    <p class='ocr_par' dir='ltr' id='par_1_10' title="bbox 143 903 1252 939">
     <span class='ocr_line' id='line_1_17' title="bbox 143 903 1252 939; baseline 0.005 -5"><span class='ocrx_word' id='word_1_106' title='bbox 143 903 174 934; x_wconf 88' lang='lat' dir='ltr'>N</span> <span class='ocrx_word' id='word_1_107' title='bbox 174 915 234 935; x_wconf 91' lang='lat' dir='ltr'>unc</span> <span class='ocrx_word' id='word_1_108' title='bbox 253 905 362 937; x_wconf 87' lang='lat' dir='ltr'>festum</span> <span class='ocrx_word' id='word_1_109' title='bbox 385 907 576 939; x_wconf 82' lang='lat' dir='ltr'>celebremus.</span> <span class='ocrx_word' id='word_1_110' title='bbox 843 904 862 934; x_wconf 85' lang='lat' dir='ltr'><strong>J</strong></span> <span class='ocrx_word' id='word_1_111' title='bbox 864 913 916 935; x_wconf 76' lang='lat' dir='ltr'>GSU</span> <span class='ocrx_word' id='word_1_112' title='bbox 936 904 1031 935; x_wconf 71' lang='lat' dir='ltr'>dulcis</span> <span class='ocrx_word' id='word_1_113' title='bbox 1051 907 1145 934; x_wconf 70' lang='lat' dir='ltr'>mater</span> <span class='ocrx_word' id='word_1_114' title='bbox 1164 906 1252 936; x_wconf 81' lang='lat' dir='ltr'>bona-</span> 
     </span>
    </p>

    <p class='ocr_par' dir='ltr' id='par_1_11' title="bbox 143 952 1259 990">
     <span class='ocr_line' id='line_1_18' title="bbox 143 952 1259 990; baseline 0.004 -8"><span class='ocrx_word' id='word_1_115' title='bbox 143 952 217 984; x_wconf 80' lang='lat' dir='ltr'>Dies</span> <span class='ocrx_word' id='word_1_116' title='bbox 240 958 286 984; x_wconf 76' lang='lat' dir='ltr'>est</span> <span class='ocrx_word' id='word_1_117' title='bbox 306 955 440 986; x_wconf 72' lang='lat' dir='ltr'>laetitiae</span> <span class='ocrx_word' id='word_1_118' title='bbox 459 957 491 986; x_wconf 77' lang='lat' dir='ltr'>in</span> <span class='ocrx_word' id='word_1_119' title='bbox 513 960 588 987; x_wconf 63' lang='lat' dir='ltr'>ortu.</span> <span class='ocrx_word' id='word_1_120' title='bbox 840 952 870 982; x_wconf 81' lang='lat' dir='ltr'>N</span> <span class='ocrx_word' id='word_1_121' title='bbox 878 961 916 983; x_wconf 76' lang='lat' dir='ltr'>as</span> <span class='ocrx_word' id='word_1_122' title='bbox 923 953 1019 982; x_wconf 72' lang='lat' dir='ltr'>citur</span> <span class='ocrx_word' id='word_1_123' title='bbox 1039 961 1081 982; x_wconf 74' lang='lat' dir='ltr'>ex</span> <span class='ocrx_word' id='word_1_124' title='bbox 1098 952 1156 981; x_wconf 76' lang='lat' dir='ltr'>vir</span> <span class='ocrx_word' id='word_1_125' title='bbox 1164 961 1182 990; x_wconf 77' lang='lat' dir='ltr'><strong>g</strong></span> <span class='ocrx_word' id='word_1_126' title='bbox 1189 955 1227 982; x_wconf 80' lang='lat' dir='ltr'>in</span> <span class='ocrx_word' id='word_1_127' title='bbox 1235 962 1259 983; x_wconf 81' lang='lat' dir='ltr'>e-</span> 
     </span>
    </p>

    <p class='ocr_par' dir='ltr' id='par_1_12' title="bbox 143 999 1219 1039">
     <span class='ocr_line' id='line_1_19' title="bbox 143 999 1219 1039; baseline 0.001 -8"><span class='ocrx_word' id='word_1_128' title='bbox 143 999 216 1032; x_wconf 87' lang='lat' dir='ltr'>Dies</span> <span class='ocrx_word' id='word_1_129' title='bbox 238 1006 285 1033; x_wconf 91' lang='lat' dir='ltr'>est</span> <span class='ocrx_word' id='word_1_130' title='bbox 302 1003 424 1034; x_wconf 83' lang='lat' dir='ltr'>laetitae</span> <span class='ocrx_word' id='word_1_131' title='bbox 443 1004 474 1033; x_wconf 88' lang='lat' dir='ltr'>in</span> <span class='ocrx_word' id='word_1_132' title='bbox 494 1004 582 1036; x_wconf 83' lang='lat' dir='ltr'>festo.</span> <span class='ocrx_word' id='word_1_133' title='bbox 840 1000 1039 1031; x_wconf 78' lang='lat' dir='ltr'>Nativitas</span> <span class='ocrx_word' id='word_1_134' title='bbox 1059 1002 1219 1039; x_wconf 84' lang='lat' dir='ltr'>pueruli.</span> 
     </span>
    </p>

    <p class='ocr_par' dir='ltr' id='par_1_13' title="bbox 139 1047 1273 1185">
     <span class='ocr_line' id='line_1_20' title="bbox 141 1047 1273 1089; baseline 0 -11"><span class='ocrx_word' id='word_1_135' title='bbox 141 1048 230 1079; x_wconf 88' lang='lat' dir='ltr'>Nunc</span> <span class='ocrx_word' id='word_1_136' title='bbox 249 1051 422 1088; x_wconf 80' lang='lat' dir='ltr'>angelorum</span> <span class='ocrx_word' id='word_1_137' title='bbox 441 1052 544 1089; x_wconf 84' lang='lat' dir='ltr'>gloria.</span> <span class='ocrx_word' id='word_1_138' title='bbox 841 1047 941 1078; x_wconf 85' lang='lat' dir='ltr'>Odas</span> <span class='ocrx_word' id='word_1_139' title='bbox 960 1048 1088 1080; x_wconf 89' lang='lat' dir='ltr'>demus</span> <span class='ocrx_word' id='word_1_140' title='bbox 1112 1048 1273 1080; x_wconf 86' lang='lat' dir='ltr'>Christo.</span> 
     </span>
     <span class='ocr_line' id='line_1_21' title="bbox 139 1095 1218 1135; baseline 0.002 -10"><span class='ocrx_word' id='word_1_141' title='bbox 139 1095 284 1135; x_wconf 83' lang='lat' dir='ltr'>Magnum</span> <span class='ocrx_word' id='word_1_142' title='bbox 303 1107 412 1130; x_wconf 90' lang='lat' dir='ltr'>nomen</span> <span class='ocrx_word' id='word_1_143' title='bbox 432 1099 561 1131; x_wconf 87' lang='lat' dir='ltr'>Domini.</span> <span class='ocrx_word' id='word_1_144' title='bbox 838 1096 888 1126; x_wconf 88' lang='lat' dir='ltr'>Ad</span> <span class='ocrx_word' id='word_1_145' title='bbox 906 1097 1052 1127; x_wconf 87' lang='lat' dir='ltr'>honorem</span> <span class='ocrx_word' id='word_1_146' title='bbox 1070 1095 1218 1127; x_wconf 81' lang='lat' dir='ltr'>infantuli.</span> 
     </span>
     <span class='ocr_line' id='line_1_22' title="bbox 140 1143 1221 1185; baseline 0.002 -12"><span class='ocrx_word' id='word_1_147' title='bbox 140 1143 275 1175; x_wconf 84' lang='lat' dir='ltr'>Danielis</span> <span class='ocrx_word' id='word_1_148' title='bbox 294 1147 463 1185; x_wconf 84' lang='lat' dir='ltr'>prophetia.</span> <span class='ocrx_word' id='word_1_149' title='bbox 839 1143 961 1174; x_wconf 79' lang='lat' dir='ltr'>Patrata</span> <span class='ocrx_word' id='word_1_150' title='bbox 981 1148 1052 1175; x_wconf 91' lang='lat' dir='ltr'>sunt</span> <span class='ocrx_word' id='word_1_151' title='bbox 1069 1145 1221 1176; x_wconf 81' lang='lat' dir='ltr'>miracula.</span> 
     </span>
    </p>

    <p class='ocr_par' dir='ltr' id='par_1_14' title="bbox 138 1191 1187 1227">
     <span class='ocr_line' id='line_1_23' title="bbox 138 1191 1187 1227; baseline -0.001 -4"><span class='ocrx_word' id='word_1_152' title='bbox 138 1192 229 1225; x_wconf 89' lang='lat' dir='ltr'>Pueri</span> <span class='ocrx_word' id='word_1_153' title='bbox 248 1196 412 1227; x_wconf 80' lang='lat' dir='ltr'>nativitate.</span> <span class='ocrx_word' id='word_1_154' title='bbox 840 1191 926 1222; x_wconf 85' lang='lat' dir='ltr'>Cedit</span> <span class='ocrx_word' id='word_1_155' title='bbox 946 1192 1041 1223; x_wconf 85' lang='lat' dir='ltr'>hiems</span> <span class='ocrx_word' id='word_1_156' title='bbox 1063 1193 1187 1224; x_wconf 87' lang='lat' dir='ltr'>eminus.</span> 
     </span>
    </p>

    <p class='ocr_par' dir='ltr' id='par_1_15' title="bbox 137 1240 1189 1283">
     <span class='ocr_line' id='line_1_24' title="bbox 137 1240 1189 1283; baseline 0.004 -12"><span class='ocrx_word' id='word_1_157' title='bbox 137 1241 186 1271; x_wconf 91' lang='lat' dir='ltr'>En</span> <span class='ocrx_word' id='word_1_158' title='bbox 206 1243 347 1274; x_wconf 77' lang='lat' dir='ltr'>trinitatis</span> <span class='ocrx_word' id='word_1_159' title='bbox 368 1244 531 1283; x_wconf 87' lang='lat' dir='ltr'>speculum.</span> <span class='ocrx_word' id='word_1_160' title='bbox 838 1240 937 1271; x_wconf 73' lang='lat' dir='ltr'>Imber</span> <span class='ocrx_word' id='word_1_161' title='bbox 956 1250 1036 1271; x_wconf 75' lang='lat' dir='ltr'>nunc</span> <span class='ocrx_word' id='word_1_162' title='bbox 1056 1241 1189 1273; x_wconf 75' lang='lat' dir='ltr'>coelitus-</span> 
     </span>
    </p>

    <p class='ocr_par' dir='ltr' id='par_1_16' title="bbox 136 1287 1144 1327">
     <span class='ocr_line' id='line_1_25' title="bbox 136 1287 1144 1327; baseline 0.009 -9"><span class='ocrx_word' id='word_1_163' title='bbox 136 1288 217 1320; x_wconf 86' lang='lat' dir='ltr'>Puer</span> <span class='ocrx_word' id='word_1_164' title='bbox 235 1293 324 1321; x_wconf 78' lang='lat' dir='ltr'>natus</span> <span class='ocrx_word' id='word_1_165' title='bbox 343 1292 376 1321; x_wconf 89' lang='lat' dir='ltr'>in</span> <span class='ocrx_word' id='word_1_166' title='bbox 395 1293 580 1325; x_wconf 82' lang='lat' dir='ltr'>Bethlehem.</span> <span class='ocrx_word' id='word_1_167' title='bbox 837 1287 968 1327; x_wconf 66' lang='lat' dir='ltr'>InSigffiS</span> <span class='ocrx_word' id='word_1_168' title='bbox 989 1289 1144 1319; x_wconf 62' lang='lat' dir='ltr'>issfssssfflle·</span> 
     </span>
    </p>

    <p class='ocr_par' dir='ltr' id='par_1_17' title="bbox 133 1336 1301 1424">
     <span class='ocr_line' id='line_1_26' title="bbox 136 1336 1301 1379; baseline 0 -12"><span class='ocrx_word' id='word_1_169' title='bbox 136 1337 305 1370; x_wconf 77' lang='lat' dir='ltr'>Ezechielis</span> <span class='ocrx_word' id='word_1_170' title='bbox 326 1344 422 1379; x_wconf 83' lang='lat' dir='ltr'>porta.</span> <span class='ocrx_word' id='word_1_171' title='bbox 836 1336 985 1375; x_wconf 74' lang='lat' dir='ltr'>Pangat</span> <span class='ocrx_word' id='word_1_172' title='bbox 1005 1338 1144 1368; x_wconf 86' lang='lat' dir='ltr'>chorus</span> <span class='ocrx_word' id='word_1_173' title='bbox 1160 1339 1301 1377; x_wconf 81' lang='lat' dir='ltr'>jubilo.</span> 
     </span>
     <span class='ocr_line' id='line_1_27' title="bbox 133 1383 1279 1424; baseline 0.002 -9"><span class='ocrx_word' id='word_1_174' title='bbox 133 1385 170 1415; x_wconf 88' lang='lat' dir='ltr'>In</span> <span class='ocrx_word' id='word_1_175' title='bbox 188 1386 248 1418; x_wconf 86' lang='lat' dir='ltr'>hoc</span> <span class='ocrx_word' id='word_1_176' title='bbox 268 1389 338 1418; x_wconf 82' lang='lat' dir='ltr'>anni</span> <span class='ocrx_word' id='word_1_177' title='bbox 360 1389 479 1420; x_wconf 85' lang='lat' dir='ltr'>circulo.</span> <span class='ocrx_word' id='word_1_178' title='bbox 835 1383 1065 1424; x_wconf 78' lang='lat' dir='ltr'>Perstrepet</span> <span class='ocrx_word' id='word_1_179' title='bbox 1085 1390 1279 1417; x_wconf 82' lang='lat' dir='ltr'>concentu.</span> 
     </span>
    </p>

    <p class='ocr_par' dir='ltr' id='par_1_18' title="bbox 131 1432 1350 1566">
     <span class='ocr_line' id='line_1_28' title="bbox 131 1432 1259 1474; baseline 0.003 -11"><span class='ocrx_word' id='word_1_180' title='bbox 131 1433 181 1464; x_wconf 84' lang='lat' dir='ltr'>Ex</span> <span class='ocrx_word' id='word_1_181' title='bbox 200 1435 275 1474; x_wconf 85' lang='lat' dir='ltr'>legis</span> <span class='ocrx_word' id='word_1_182' title='bbox 297 1437 494 1468; x_wconf 78' lang='lat' dir='ltr'>observantia.</span> <span class='ocrx_word' id='word_1_183' title='bbox 836 1432 940 1463; x_wconf 86' lang='lat' dir='ltr'>Cuncti</span> <span class='ocrx_word' id='word_1_184' title='bbox 960 1442 1040 1463; x_wconf 85' lang='lat' dir='ltr'>nuno</span> <span class='ocrx_word' id='word_1_185' title='bbox 1059 1439 1259 1473; x_wconf 84' lang='lat' dir='ltr'>assurgentes.</span> 
     </span>
     <span class='ocr_line' id='line_1_29' title="bbox 134 1480 1350 1522; baseline 0.003 -12"><span class='ocrx_word' id='word_1_186' title='bbox 134 1481 270 1514; x_wconf 78' lang='lat' dir='ltr'>Christus</span> <span class='ocrx_word' id='word_1_187' title='bbox 291 1486 422 1515; x_wconf 72' lang='lat' dir='ltr'>surrexit</span> <span class='ocrx_word' id='word_1_188' title='bbox 440 1485 488 1514; x_wconf 80' lang='lat'>20,</span> <span class='ocrx_word' id='word_1_189' title='bbox 834 1480 923 1511; x_wconf 85' lang='lat' dir='ltr'>Vita</span> <span class='ocrx_word' id='word_1_190' title='bbox 944 1480 1091 1512; x_wconf 83' lang='lat' dir='ltr'>Christi</span> <span class='ocrx_word' id='word_1_191' title='bbox 1111 1486 1350 1522; x_wconf 80' lang='lat' dir='ltr'>resurgente.</span> 
     </span>
     <span class='ocr_line' id='line_1_30' title="bbox 132 1528 1209 1566; baseline 0.002 -8"><span class='ocrx_word' id='word_1_192' title='bbox 132 1528 270 1562; x_wconf 75' lang='lat' dir='ltr'>Surrexit</span> <span class='ocrx_word' id='word_1_193' title='bbox 290 1532 424 1564; x_wconf 58' lang='lat' dir='ltr'>Christus</span> <span class='ocrx_word' id='word_1_194' title='bbox 447 1534 546 1566; x_wconf 84' lang='lat' dir='ltr'>hodie.</span> <span class='ocrx_word' id='word_1_195' title='bbox 832 1528 939 1559; x_wconf 82' lang='lat' dir='ltr'>Laude</span> <span class='ocrx_word' id='word_1_196' title='bbox 960 1529 1077 1561; x_wconf 78' lang='lat' dir='ltr'>Christo</span> <span class='ocrx_word' id='word_1_197' title='bbox 1100 1530 1209 1562; x_wconf 79' lang='lat' dir='ltr'>debita.</span> 
     </span>
    </p>

    <p class='ocr_par' dir='ltr' id='par_1_19' title="bbox 131 1577 1113 1621">
     <span class='ocr_line' id='line_1_31' title="bbox 131 1577 1113 1621; baseline -0.001 -13"><span class='ocrx_word' id='word_1_198' title='bbox 131 1577 155 1608; x_wconf 96' lang='lat' dir='ltr'>O</span> <span class='ocrx_word' id='word_1_199' title='bbox 175 1580 317 1619; x_wconf 84' lang='lat' dir='ltr'>princeps</span> <span class='ocrx_word' id='word_1_200' title='bbox 338 1582 512 1621; x_wconf 73' lang='lat' dir='ltr'>apostolice.</span> <span class='ocrx_word' id='word_1_201' title='bbox 832 1577 1001 1608; x_wconf 85' lang='lat' dir='ltr'>Melodicae</span> <span class='ocrx_word' id='word_1_202' title='bbox 1021 1580 1113 1609; x_wconf 84' lang='lat' dir='ltr'>vocis.</span> 
     </span>
    </p>

    <p class='ocr_par' dir='ltr' id='par_1_20' title="bbox 129 1625 1354 1762">
     <span class='ocr_line' id='line_1_32' title="bbox 129 1625 1354 1668; baseline 0.003 -13"><span class='ocrx_word' id='word_1_203' title='bbox 129 1626 217 1658; x_wconf 77' lang='lat' dir='ltr'>More</span> <span class='ocrx_word' id='word_1_204' title='bbox 236 1628 306 1659; x_wconf 75' lang='lat' dir='ltr'>festi</span> <span class='ocrx_word' id='word_1_205' title='bbox 329 1631 507 1668; x_wconf 68' lang='lat' dir='ltr'>quaerimus,</span> <span class='ocrx_word' id='word_1_206' title='bbox 831 1625 880 1655; x_wconf 81' lang='lat' dir='ltr'>En</span> <span class='ocrx_word' id='word_1_207' title='bbox 900 1627 992 1656; x_wconf 76' lang='lat' dir='ltr'>archa</span> <span class='ocrx_word' id='word_1_208' title='bbox 1012 1636 1101 1665; x_wconf 78' lang='lat' dir='ltr'>quam</span> <span class='ocrx_word' id='word_1_209' title='bbox 1124 1630 1197 1658; x_wconf 82' lang='lat' dir='ltr'>tuno</span> <span class='ocrx_word' id='word_1_210' title='bbox 1214 1628 1354 1660; x_wconf 82' lang='lat' dir='ltr'>foederis.</span> 
     </span>
     <span class='ocr_line' id='line_1_33' title="bbox 129 1674 1189 1720; baseline -0.008 -8"><span class='ocrx_word' id='word_1_211' title='bbox 129 1675 219 1706; x_wconf 73' lang='lat' dir='ltr'>Vile</span> <span class='ocrx_word' id='word_1_212' title='bbox 238 1679 368 1716; x_wconf 82' lang='lat' dir='ltr'>tangit</span> <span class='ocrx_word' id='word_1_213' title='bbox 391 1682 644 1720; x_wconf 82' lang='lat' dir='ltr'>praesepium.</span> <span class='ocrx_word' id='word_1_214' title='bbox 831 1674 921 1705; x_wconf 85' lang='lat' dir='ltr'>Jesu</span> <span class='ocrx_word' id='word_1_215' title='bbox 943 1674 1098 1706; x_wconf 84' lang='lat' dir='ltr'>Christe</span> <span class='ocrx_word' id='word_1_216' title='bbox 1117 1676 1189 1714; x_wconf 87' lang='lat' dir='ltr'>pie.</span> 
     </span>
     <span class='ocr_line' id='line_1_34' title="bbox 129 1721 1130 1762; baseline 0.009 -9"><span class='ocrx_word' id='word_1_217' title='bbox 129 1721 436 1758; x_wconf 87' lang='lat' dir='ltr'>Solemnizemus</span> <span class='ocrx_word' id='word_1_218' title='bbox 456 1728 583 1760; x_wconf 88' lang='lat' dir='ltr'>hodie.</span> <span class='ocrx_word' id='word_1_219' title='bbox 830 1722 912 1754; x_wconf 74' lang='lat' dir='ltr'>Deus</span> <span class='ocrx_word' id='word_1_220' title='bbox 934 1724 1130 1762; x_wconf 66' lang='lat' dir='ltr'>Omm&#39;POtessS·</span> 
     </span>
    </p>

    <p class='ocr_par' dir='ltr' id='par_1_21' title="bbox 126 1771 1391 1906">
     <span class='ocr_line' id='line_1_35' title="bbox 126 1771 1178 1808; baseline 0.005 -6"><span class='ocrx_word' id='word_1_221' title='bbox 126 1771 215 1803; x_wconf 86' lang='lat' dir='ltr'>Nunc</span> <span class='ocrx_word' id='word_1_222' title='bbox 235 1773 335 1805; x_wconf 87' lang='lat' dir='ltr'>clerici</span> <span class='ocrx_word' id='word_1_223' title='bbox 356 1779 518 1808; x_wconf 81' lang='lat' dir='ltr'>cantantes.</span> <span class='ocrx_word' id='word_1_224' title='bbox 831 1771 917 1802; x_wconf 63' lang='lat' dir='ltr'>Cedit</span> <span class='ocrx_word' id='word_1_225' title='bbox 936 1771 1032 1802; x_wconf 68' lang='lat' dir='ltr'>hiems</span> <span class='ocrx_word' id='word_1_226' title='bbox 1054 1772 1178 1803; x_wconf 74' lang='lat' dir='ltr'>eminus-</span> 
     </span>
     <span class='ocr_line' id='line_1_36' title="bbox 127 1820 1391 1861; baseline 0.004 -12"><span class='ocrx_word' id='word_1_227' title='bbox 127 1820 334 1854; x_wconf 73' lang='lat' dir='ltr'>Puellulae</span> <span class='ocrx_word' id='word_1_228' title='bbox 354 1825 576 1858; x_wconf 66' lang='lat' dir='ltr'>laudabilis,</span> <span class='ocrx_word' id='word_1_229' title='bbox 828 1820 916 1850; x_wconf 90' lang='lat' dir='ltr'>Vile</span> <span class='ocrx_word' id='word_1_230' title='bbox 936 1821 1061 1859; x_wconf 82' lang='lat' dir='ltr'>tangit</span> <span class='ocrx_word' id='word_1_231' title='bbox 1082 1824 1323 1861; x_wconf 76' lang='lat' dir='ltr'>praesepium</span> <span class='ocrx_word' id='word_1_232' title='bbox 1344 1823 1391 1854; x_wconf 86' lang='lat'>2⁰.</span> 
     </span>
     <span class='ocr_line' id='line_1_37' title="bbox 126 1868 1135 1906; baseline 0.005 -6"><span class='ocrx_word' id='word_1_233' title='bbox 126 1868 223 1902; x_wconf 90' lang='lat' dir='ltr'>Deum</span> <span class='ocrx_word' id='word_1_234' title='bbox 245 1872 321 1903; x_wconf 89' lang='lat' dir='ltr'>coeli</span> <span class='ocrx_word' id='word_1_235' title='bbox 342 1873 556 1906; x_wconf 85' lang='lat' dir='ltr'>collaudemus.</span> <span class='ocrx_word' id='word_1_236' title='bbox 828 1869 936 1901; x_wconf 77' lang='lat' dir='ltr'>VirenS</span> <span class='ocrx_word' id='word_1_237' title='bbox 956 1870 989 1899; x_wconf 80' lang='lat' dir='ltr'>in</span> <span class='ocrx_word' id='word_1_238' title='bbox 1010 1870 1135 1900; x_wconf 67' lang='lat' dir='ltr'>Civitate-</span> 
     </span>
    </p>

    <p class='ocr_par' dir='ltr' id='par_1_22' title="bbox 125 1917 1392 1952">
     <span class='ocr_line' id='line_1_38' title="bbox 125 1917 1392 1952; baseline 0.004 -6"><span class='ocrx_word' id='word_1_239' title='bbox 125 1917 213 1949; x_wconf 81' lang='lat' dir='ltr'>Salve</span> <span class='ocrx_word' id='word_1_240' title='bbox 232 1920 396 1952; x_wconf 73' lang='lat' dir='ltr'>Dorothea,</span> <span class='ocrx_word' id='word_1_241' title='bbox 826 1917 942 1949; x_wconf 83' lang='lat' dir='ltr'>Pater</span> <span class='ocrx_word' id='word_1_242' title='bbox 963 1922 1115 1949; x_wconf 78' lang='lat' dir='ltr'>creator</span> <span class='ocrx_word' id='word_1_243' title='bbox 1136 1918 1392 1952; x_wconf 84' lang='lat' dir='ltr'>divinissime.</span> 
     </span>
    </p>
   </div>
   <div class='ocr_carea' id='block_1_3' title="bbox 122 1967 563 2010">
    <p class='ocr_par' dir='ltr' id='par_1_23' title="bbox 122 1967 563 2010">
     <span class='ocr_line' id='line_1_39' title="bbox 122 1967 563 2010; baseline 0.014 -13"><span class='ocrx_word' id='word_1_244' title='bbox 122 1967 159 1998; x_wconf 86' lang='lat' dir='ltr'>In</span> <span class='ocrx_word' id='word_1_245' title='bbox 177 1968 298 1999; x_wconf 80' lang='lat' dir='ltr'>laudem</span> <span class='ocrx_word' id='word_1_246' title='bbox 318 1972 414 2002; x_wconf 77' lang='lat' dir='ltr'>sancti</span> <span class='ocrx_word' id='word_1_247' title='bbox 431 1972 563 2010; x_wconf 82' lang='lat' dir='ltr'>spiritus.</span> 
     </span>
    </p>
   </div>
   <div class='ocr_carea' id='block_1_4' title="bbox 120 2038 1467 2441">
    <p class='ocr_par' dir='ltr' id='par_1_24' title="bbox 122 2038 1467 2142">
     <span class='ocr_line' id='line_1_40' title="bbox 220 2038 1467 2093; baseline 0.01 -19"><span class='ocrx_word' id='word_1_248' title='bbox 220 2038 257 2085; x_wconf 83' lang='lat'>2)</span> <span class='ocrx_word' id='word_1_249' title='bbox 284 2039 481 2077; x_wconf 83' lang='lat' dir='ltr'>Varianten</span> <span class='ocrx_word' id='word_1_250' title='bbox 517 2043 579 2080; x_wconf 89' lang='lat' dir='ltr'>des</span> <span class='ocrx_word' id='word_1_251' title='bbox 614 2043 734 2083; x_wconf 77' lang='lat' dir='ltr'>Codex</span> <span class='ocrx_word' id='word_1_252' title='bbox 759 2046 1046 2093; x_wconf 71' lang='lat' dir='ltr'>vissegradensis</span> <span class='ocrx_word' id='word_1_253' title='bbox 1079 2058 1124 2083; x_wconf 85' lang='lat' dir='ltr'>zu</span> <span class='ocrx_word' id='word_1_254' title='bbox 1156 2047 1224 2084; x_wconf 90' lang='lat' dir='ltr'>den</span> <span class='ocrx_word' id='word_1_255' title='bbox 1257 2049 1295 2084; x_wconf 87' lang='lat' dir='ltr'>in</span> <span class='ocrx_word' id='word_1_256' title='bbox 1320 2048 1424 2086; x_wconf 85' lang='lat' dir='ltr'>Band</span> <span class='ocrx_word' id='word_1_257' title='bbox 1448 2049 1467 2085; x_wconf 89' lang='lat' dir='ltr'>I</span> 
     </span>
     <span class='ocr_line' id='line_1_41' title="bbox 122 2096 654 2142; baseline 0.015 -11"><span class='ocrx_word' id='word_1_258' title='bbox 122 2096 361 2142; x_wconf 81' lang='lat' dir='ltr'>mitgeteilten</span> <span class='ocrx_word' id='word_1_259' title='bbox 385 2100 548 2138; x_wconf 85' lang='lat' dir='ltr'>Liedern.</span> <span class='ocrx_word' id='word_1_260' title='bbox 599 2102 654 2139; x_wconf 89' lang='lat' dir='ltr'>Zu</span> 
     </span>
    </p>

    <p class='ocr_par' dir='ltr' id='par_1_25' title="bbox 120 2153 1464 2265">
     <span class='ocr_line' id='line_1_42' title="bbox 217 2153 1464 2211; baseline 0.008 -19"><span class='ocrx_word' id='word_1_261' title='bbox 217 2153 280 2192; x_wconf 82' lang='lat' dir='ltr'>Nr.</span> <span class='ocrx_word' id='word_1_262' title='bbox 307 2153 334 2192; x_wconf 93' lang='lat'>1.</span> <span class='ocrx_word' id='word_1_263' title='bbox 389 2157 560 2204; x_wconf 78' lang='lat' dir='ltr'>„canitur</span> <span class='ocrx_word' id='word_1_264' title='bbox 584 2161 676 2198; x_wconf 87' lang='lat' dir='ltr'>sicut</span> <span class='ocrx_word' id='word_1_265' title='bbox 692 2163 905 2200; x_wconf 84' lang='lat' dir='ltr'>Dorothea.“</span> <span class='ocrx_word' id='word_1_266' title='bbox 937 2164 968 2207; x_wconf 87' lang='lat'>1,</span> <span class='ocrx_word' id='word_1_267' title='bbox 984 2164 1006 2198; x_wconf 87' lang='grc'>2</span> <span class='ocrx_word' id='word_1_268' title='bbox 1023 2163 1149 2199; x_wconf 80' lang='lat' dir='ltr'>Almae</span> <span class='ocrx_word' id='word_1_269' title='bbox 1165 2165 1301 2201; x_wconf 81' lang='lat' dir='ltr'>matris.</span> <span class='ocrx_word' id='word_1_270' title='bbox 1320 2185 1366 2190; x_wconf 76' lang='lat'>—</span> <span class='ocrx_word' id='word_1_271' title='bbox 1394 2167 1426 2211; x_wconf 87' lang='lat'>1,</span> <span class='ocrx_word' id='word_1_272' title='bbox 1443 2166 1464 2201; x_wconf 92' lang='grc'>6</span> 
     </span>
     <span class='ocr_line' id='line_1_43' title="bbox 120 2213 1175 2265; baseline 0.008 -17"><span class='ocrx_word' id='word_1_273' title='bbox 120 2213 209 2250; x_wconf 90' lang='lat' dir='ltr'>Mite</span> <span class='ocrx_word' id='word_1_274' title='bbox 234 2215 343 2253; x_wconf 86' lang='lat' dir='ltr'>Deus.</span> <span class='ocrx_word' id='word_1_275' title='bbox 372 2237 422 2242; x_wconf 88' lang='lat'>—</span> <span class='ocrx_word' id='word_1_276' title='bbox 445 2218 478 2261; x_wconf 81' lang='lat'>2,</span> <span class='ocrx_word' id='word_1_277' title='bbox 494 2218 515 2253; x_wconf 83' lang='lat'>6</span> <span class='ocrx_word' id='word_1_278' title='bbox 543 2220 697 2258; x_wconf 81' lang='lat' dir='ltr'>candens</span> <span class='ocrx_word' id='word_1_279' title='bbox 722 2231 814 2259; x_wconf 82' lang='lat' dir='ltr'>rosa.</span> <span class='ocrx_word' id='word_1_280' title='bbox 843 2242 887 2246; x_wconf 93' lang='lat'>—-</span> <span class='ocrx_word' id='word_1_281' title='bbox 915 2221 980 2265; x_wconf 85' lang='lat'>2‚7</span> <span class='ocrx_word' id='word_1_282' title='bbox 1007 2224 1044 2258; x_wconf 90' lang='lat' dir='ltr'>te</span> <span class='ocrx_word' id='word_1_283' title='bbox 1068 2224 1175 2258; x_wconf 88' lang='lat' dir='ltr'>tutos.</span> 
     </span>
    </p>

    <p class='ocr_par' dir='ltr' id='par_1_26' title="bbox 215 2270 1302 2327">
     <span class='ocr_line' id='line_1_44' title="bbox 215 2270 1302 2327; baseline 0.007 -18"><span class='ocrx_word' id='word_1_284' title='bbox 215 2271 280 2309; x_wconf 70' lang='grc' dir='ltr'>ΝΡ.</span> <span class='ocrx_word' id='word_1_285' title='bbox 305 2270 356 2310; x_wconf 85' lang='grc'>12.</span> <span class='ocrx_word' id='word_1_286' title='bbox 405 2275 439 2318; x_wconf 83' lang='grc'>4,</span> <span class='ocrx_word' id='word_1_287' title='bbox 455 2275 475 2310; x_wconf 86' lang='lat'><strong>7</strong></span> <span class='ocrx_word' id='word_1_288' title='bbox 501 2277 594 2314; x_wconf 79' lang='lat' dir='ltr'>Nam</span> <span class='ocrx_word' id='word_1_289' title='bbox 619 2280 657 2314; x_wconf 90' lang='lat' dir='ltr'>te</span> <span class='ocrx_word' id='word_1_290' title='bbox 682 2281 784 2317; x_wconf 81' lang='lat' dir='ltr'>audit</span> <span class='ocrx_word' id='word_1_291' title='bbox 806 2279 912 2325; x_wconf 70' lang='lat' dir='ltr'>filius,</span> <span class='ocrx_word' id='word_1_292' title='bbox 939 2279 1088 2327; x_wconf 87' lang='lat' dir='ltr'>Semper</span> <span class='ocrx_word' id='word_1_293' title='bbox 1110 2280 1302 2318; x_wconf 81' lang='lat' dir='ltr'>laudanda.</span> 
     </span>
    </p>

    <p class='ocr_par' dir='ltr' id='par_1_27' title="bbox 215 2329 1339 2384">
     <span class='ocr_line' id='line_1_45' title="bbox 215 2329 1339 2384; baseline 0.008 -16"><span class='ocrx_word' id='word_1_294' title='bbox 215 2329 279 2368; x_wconf 70' lang='grc' dir='ltr'>ΝΡ.</span> <span class='ocrx_word' id='word_1_295' title='bbox 305 2330 358 2369; x_wconf 85' lang='grc'>14.</span> <span class='ocrx_word' id='word_1_296' title='bbox 410 2334 481 2378; x_wconf 83' lang='grc'>2,4</span> <span class='ocrx_word' id='word_1_297' title='bbox 504 2336 578 2372; x_wconf 79' lang='lat' dir='ltr'>und</span> <span class='ocrx_word' id='word_1_298' title='bbox 604 2335 625 2371; x_wconf 88' lang='grc'>5</span> <span class='ocrx_word' id='word_1_299' title='bbox 650 2335 780 2374; x_wconf 84' lang='lat' dir='ltr'>fehlen.</span> <span class='ocrx_word' id='word_1_300' title='bbox 811 2359 853 2363; x_wconf 89' lang='lat'><strong>—</strong></span> <span class='ocrx_word' id='word_1_301' title='bbox 883 2339 915 2382; x_wconf 83' lang='grc'>2,</span> <span class='ocrx_word' id='word_1_302' title='bbox 933 2337 979 2373; x_wconf 82' lang='lat'>14</span> <span class='ocrx_word' id='word_1_303' title='bbox 1003 2339 1112 2384; x_wconf 84' lang='lat' dir='ltr'>Virgo</span> <span class='ocrx_word' id='word_1_304' title='bbox 1138 2341 1179 2375; x_wconf 90' lang='lat' dir='ltr'>tu</span> <span class='ocrx_word' id='word_1_305' title='bbox 1204 2340 1339 2378; x_wconf 85' lang='lat' dir='ltr'>rutilas.</span> 
     </span>
    </p>

    <p class='ocr_par' dir='ltr' id='par_1_28' title="bbox 214 2387 1460 2441">
     <span class='ocr_line' id='line_1_46' title="bbox 214 2387 1460 2441; baseline 0.01 -15"><span class='ocrx_word' id='word_1_306' title='bbox 214 2387 279 2427; x_wconf 84' lang='lat' dir='ltr'>Nr.</span> <span class='ocrx_word' id='word_1_307' title='bbox 306 2388 356 2428; x_wconf 87' lang='lat'>15.</span> <span class='ocrx_word' id='word_1_308' title='bbox 409 2393 440 2436; x_wconf 86' lang='lat' dir='ltr'>l,</span> <span class='ocrx_word' id='word_1_309' title='bbox 456 2392 501 2428; x_wconf 88' lang='lat'>19</span> <span class='ocrx_word' id='word_1_310' title='bbox 530 2406 594 2441; x_wconf 87' lang='lat' dir='ltr'>pro</span> <span class='ocrx_word' id='word_1_311' title='bbox 628 2396 731 2435; x_wconf 82' lang='lat' dir='ltr'>nobis</span> <span class='ocrx_word' id='word_1_312' title='bbox 766 2397 858 2432; x_wconf 82' lang='lat' dir='ltr'>ante.</span> <span class='ocrx_word' id='word_1_313' title='bbox 887 2418 932 2422; x_wconf 97' lang='lat'><strong>—</strong></span> <span class='ocrx_word' id='word_1_314' title='bbox 961 2397 993 2441; x_wconf 88' lang='lat'>1,</span> <span class='ocrx_word' id='word_1_315' title='bbox 1009 2398 1055 2433; x_wconf 90' lang='grc'>22</span> <span class='ocrx_word' id='word_1_316' title='bbox 1080 2398 1219 2436; x_wconf 85' lang='lat' dir='ltr'>Merces</span> <span class='ocrx_word' id='word_1_317' title='bbox 1249 2400 1386 2437; x_wconf 81' lang='lat' dir='ltr'>diurna.</span> <span class='ocrx_word' id='word_1_318' title='bbox 1413 2422 1460 2427; x_wconf 87' lang='grc'>--</span> 
     </span>
    </p>
   </div>
  </div>
 </body>
</html>
