1655 2624
173 180 206 213 3.
248 179 366 213 Clausa
389 183 535 223 parentis
560 183 687 217 viscera
873 187 903 219 5.
941 183 1050 218 Foeno
1073 184 1183 226 jacere
1206 185 1351 227 pertulit,

245 228 402 262 coelestis
425 231 526 264 intrat
549 233 662 272 gratia,
945 233 1107 275 Praesepe
1131 243 1195 266 non
1220 234 1388 266 abhorruit

244 276 367 309 Venter
391 280 520 319 puellae
544 278 670 324 bajulat
944 279 1116 323 Parvoque
1139 282 1224 314 lacte
1247 284 1359 324 pastus
1386 286 1445 322 est,

246 324 388 367 Secreta,
416 336 497 367 quae
520 336 583 360 non
610 332 753 363 noverat.
949 330 1014 362 Per
1039 338 1132 371 quem
1157 339 1218 363 nec
1240 331 1307 363 ales
1333 331 1442 365 esurit.

172 393 206 425 4.
246 392 355 426 Enixa
380 396 428 425 est
452 402 624 436 puerpera,
877 396 909 429 6.
951 395 1080 428 Gaudet
1105 397 1219 429 chorus
1246 397 1441 438 coelestium,

248 441 347 480 Quem
374 441 508 475 Gabriel
533 444 752 484 praedixerat,
946 443 992 475 Et
1016 444 1123 485 angeli
1148 448 1265 477 canunt
1292 444 1373 485 Deo,

245 489 346 529 Quem
369 490 484 522 matris
509 490 582 522 alvo
607 493 748 532 gestiens
947 492 1124 533 Palamque
1147 491 1188 524 fit
1209 492 1395 533 pastoribus

247 536 381 569 Clausus
406 537 570 570 Johannes
594 541 749 571 senserat.
946 539 1071 584 Pastor,
1099 543 1224 572 creator
1249 540 1397 575 omnium.

613 608 644 640 7.
672 606 787 639 Gloria
811 607 881 651 tibi,
908 606 1057 640 Domine.

249 671 314 699 Fol.
341 668 358 698 6
379 671 407 699 b.
428 672 480 700 Nr.
506 673 514 700 1
542 672 604 700 und
624 673 650 707 2,
673 672 688 701 1
705 681 734 700 u.
758 671 784 700 2.
820 674 882 701 Das
896 673 1003 709 iibrige
1012 673 1087 701 fehlt
1100 674 1157 700 mit
1170 672 1239 701 dem
1250 672 1407 702 fehlenden
1419 673 1471 701 fol.
1487 672 1504 700 8

173 709 224 737 der
246 712 344 738 ersten
363 709 448 746 Lago
467 710 528 738 und
549 711 590 738 ist
610 712 733 748 ergiinzt
754 720 808 740 aus
821 712 899 740 Dan.
919 712 944 739 Ι.
968 713 1030 740 143.
1052 726 1090 732 —
1107 712 1169 739 Der
1191 720 1286 748 ganze
1297 712 1434 746 Hymnus
1456 711 1506 740 bei

171 747 200 776 J.
222 748 362 776 Huemer.
391 748 507 776 Sedulii
528 757 619 785 opera
639 750 741 779 omnia
760 748 885 787 (Corpus
907 749 1025 785 Scriptt.
1047 750 1150 778 eccles.
1173 750 1226 778 lat.
1246 750 1314 778 Vol.
1335 748 1374 785 X)
1392 750 1505 778 Vindo-

171 787 269 815 bonae
292 786 364 815 1885
386 795 414 823 p.
438 786 492 816 163
514 795 579 824 sqq.

540 949 585 980 De
604 950 712 981 sancto
734 948 893 989 Stephano
916 948 957 980 ad
975 956 1139 990 vesperas.

174 1020 207 1053 1.
251 1037 806 1043 ————————
874 1022 904 1054 3.
945 1019 1141 1058 Quaesumus
1165 1017 1290 1057 flentes,
1317 1018 1486 1050 benedicte

244 1086 293 1090 —
317 1085 366 1091 —
392 1085 435 1090 —-
464 1086 509 1091 —
535 1076 628 1100 onum
662 1068 786 1108 pietate
1204 1068 1311 1107 prime

509 1115 616 1147 cordis
943 1115 1127 1156 Martyrum
1152 1115 1241 1153 civis,
1260 1113 1382 1147 sociate
1397 1113 1506 1154 justiS,

243 1162 402 1196 Hostibus
416 1163 544 1204 quaerit
554 1164 681 1196 veniam
694 1163 806 1196 miser—
946 1162 1086 1196 Coelitus
1101 1163 1209 1196 clarae
1224 1162 1364 1205 regionis
1380 1162 1505 1201 haeres

507 1213 558 1243 tus
1039 1210 1164 1251 inclite,
1191 1212 1305 1252 pones,

339 1259 477 1292 Pectore
501 1262 605 1301 grato·
872 1280 904 1312 4.
945 1278 1117 1319 Promptus
1143 1278 1196 1309 hic
1221 1280 1365 1310 nostrum
1382 1276 1507 1309 facinus

172 1328 204 1360 2.
240 1326 362 1360 Imbuit
397 1327 519 1367 primos
552 1327 697 1360 homines
731 1326 807 1359 bea·
1205 1324 1344 1365 remitte,

507 1378 556 1407 tos
942 1374 1235 1414 Pellelanguorem‚
1246 1372 1504 1413 tribuesalutem,

244 1422 351 1457 Corde
379 1423 512 1464 directo,
536 1423 648 1463 ,iecore
671 1422 772 1463 fideli,
943 1420 1129 1455 Confundas
1140 1421 1277 1462 hostem,
1296 1421 1406 1453 releva
1416 1428 1503 1454 moe-

243 1472 283 1505 In
307 1469 373 1504 fide
399 1470 520 1504 Christi
541 1471 690 1512 jugulata
710 1470 807 1503 tellus
1207 1478 1313 1502 rorem

339 1520 467 1553 Ponere
489 1519 645 1553 membra.
1039 1518 1149 1551 Morte
1173 1518 1317 1551 subacta.

483 1589 515 1621 5.
554 1586 667 1620 Gloria
687 1586 819 1628 psallat,
848 1587 944 1619 canat
969 1587 1002 1617 et
1025 1585 1172 1626 resultet,

552 1635 666 1669 Gloria
691 1634 791 1675 dicat,
818 1637 915 1667 canat
940 1636 973 1665 et
995 1635 1144 1667 revolvat

554 1683 694 1716 Nomine
718 1683 815 1724 trino,
844 1683 966 1716 deitate
991 1682 1053 1715 soli

651 1732 769 1765 Sidera
795 1732 944 1764 clament.
994 1732 1110 1763 Amen.

248 1798 313 1826 Fol.
335 1799 351 1826 7
364 1806 390 1825 a.
420 1798 470 1826 Da
490 1799 543 1827 das
563 1798 653 1827 letzte
665 1799 750 1826 Blatt
768 1798 820 1826 der
838 1801 936 1826 ersten
949 1797 1033 1833 Lage
1052 1796 1133 1831 fehlt,
1156 1796 1231 1825 fehlt
1248 1796 1343 1825 leider
1359 1796 1436 1824 auch
1456 1797 1508 1824 der

171 1824 290 1874 Rnfang
310 1837 423 1873 dieses,
444 1837 550 1865 soweit
568 1836 618 1864 ich
639 1837 731 1866 seben
748 1836 847 1871 kann,
867 1836 1083 1864 unbekannten
1100 1835 1250 1871 Hymnus.
1288 1835 1339 1863 Da
1358 1835 1508 1864 zwisohen

171 1875 233 1903 ihm
269 1875 331 1904 und
359 1875 426 1903 dem
452 1875 715 1912 vorhergehenden
749 1876 798 1903 cin
828 1877 965 1904 weiterer
991 1875 1129 1910 Hymnus
1158 1874 1223 1902 sich
1250 1873 1334 1902 nicht
1358 1875 1507 1903 befunden

169 1914 269 1943 haben
288 1913 379 1949 kann,
404 1915 482 1942 muss
505 1914 558 1942 das
580 1914 692 1943 diesem
711 1914 862 1942 Fehlende
882 1914 957 1942 iiber
977 1914 1044 1941 eine
1064 1913 1146 1942 Seite
1166 1913 1217 1941 der
1230 1913 1427 1942 Handschrist
1441 1921 1507 1942 aus-

169 1954 283 1990 gefiillt,
306 1953 371 1982 sich
391 1954 456 1982 also
478 1953 532 1982 auf
549 1953 566 1981 8
585 1954 633 1981 bis
654 1954 670 1982 9
687 1953 835 1989 Strophen
850 1951 989 1981 belaufen
1003 1952 1110 1981 haben.
1132 1967 1171 1971 —
1186 1953 1211 1987 3,
1234 1953 1251 1981 2
1263 1952 1411 1988 Martyre-
1426 1953 1507 1980 cives

169 1993 224 2021 Hs.
246 2010 284 2014 —
304 1992 331 2027 4,
354 1992 370 2020 3
390 1992 559 2021 Confundet
578 1993 634 2020 Hs.
654 2009 695 2013 —
716 1993 741 2026 5,
767 1993 777 2020 1
804 1995 892 2021 canet
913 1993 942 2019 et
962 1991 1088 2020 resultet
1106 1991 1162 2018 Hs.

809 2086 869 2127 25.

586 2165 726 2205 Hymnus
747 2163 781 2196 in
801 2164 907 2206 prima
926 2165 1094 2195 nocturna.

172 2237 203 2270 1.
242 2236 373 2270 Laudes
399 2245 551 2270 canamus
576 2236 716 2270 Domino
875 2237 906 2269 2.
946 2235 1090 2268 Mortem
1112 2244 1208 2275 quam
1233 2235 1305 2275 ipse
1330 2233 1479 2267 dominus

243 2286 295 2327 De
317 2287 557 2329 protomartyre
582 2285 758 2328 StephanO,
947 2283 1098 2325 Suscepit
1121 2286 1258 2324 propter
1283 2282 1439 2324 homines,

242 2335 302 2375 Qui
327 2332 390 2366 fuit
415 2343 455 2367 ex
482 2334 670 2369 diaconibus
943 2332 1040 2365 Hanc
1064 2332 1191 2367 athleta
1215 2330 1412 2365 fortissimus

241 2382 375 2417 Electus
402 2382 442 2417 ab
470 2383 638 2424 apostolis.
942 2382 1071 2415 Primus
1095 2381 1236 2414 reddere
1260 2381 1397 2415 studuit.
