1655 2624
195 169 228 202 3.
268 168 327 202 Cui
352 168 446 209 ponti
468 169 563 209 Juxta
586 171 683 203 litora

268 215 392 249 Christi
416 218 559 250 occurrit
582 219 697 260 gratia,

266 264 346 297 Mox
373 265 482 297 ebrius
506 266 542 298 in
566 267 685 307 spiritu

266 312 372 345 Corde
400 313 535 354 reliquit
558 315 732 349 saeculum.

219 397 227 405 .
264 370 371 411 Hujus
397 374 526 404 sacrata
551 373 715 413 gressibus

263 418 391 452 Umbra
417 419 549 452 daretur
570 422 727 461 temporis

265 467 442 501 Contactus
469 476 596 508 quoque
619 468 782 509 languidis

264 515 344 548 Mox
373 514 517 548 faciebat
540 525 689 556 pospera.

900 174 930 206 5.
969 173 1079 215 Elegit
1106 173 1209 205 crucis
1234 173 1406 213 tropheum

969 221 1161 254 Ascendere
1188 223 1263 261 post
1287 221 1488 262 magistrum,

971 268 1069 310 Cujus
1096 269 1244 302 doctrina
1269 272 1302 301 et
1325 270 1438 310 gratia.

968 316 1122 359 Refulget
1149 317 1183 349 in
1216 318 1362 351 ecclesia.

921 400 929 407 .
970 374 1084 407 Gloria
1107 374 1179 415 tibi,
1205 375 1354 416 Domine,

970 422 1093 463 Gloria,
1118 422 1293 464 unigenite,

968 470 1045 504 Una
1071 480 1142 502 cum
1165 474 1276 503 sancto
1303 471 1420 511 spiritu

969 519 1008 551 In
1033 518 1231 559 sempiterna
1255 519 1394 553 saecula.

274 578 339 606 Fol.
362 578 398 606 68
419 577 448 605 b.
468 593 509 596 —
529 577 555 612 3,
581 578 594 605 1
619 577 679 612 Qui
699 579 785 615 ponti
801 576 890 613 juxta
909 579 1027 607 literam
1049 580 1104 608 Hs.

823 652 905 693 125.

676 720 719 751 De
740 720 853 752 Sancto
875 720 1057 752 Saturnino.

525 830 648 862 saeculi

251 878 425 911 Illustrare
449 877 708 959 VOleIissdbumine
727 878 837 920 splen-

253 974 404 1007 Bissenos
417 936 568 1014 procerces
583 975 750 1007 constituit
761 973 834 1014 sibi,

335 1022 453 1055 Mundi
477 1022 532 1063 qui
555 1023 642 1055 radii
665 1022 785 1055 forent.

191 1083 224 1116 ⁴2.
249 1081 302 1113 Ex
342 1089 477 1122 quorum
517 1080 631 1112 micuit
667 1082 837 1113 stemmate

250 1176 442 1209 Saturninus
468 1176 511 1208 ad
533 1128 737 1231 ssgglldignus
754 1184 834 1216 opus

254 1272 322 1313 Quo
336 1281 445 1305 semen
453 1234 711 1314 fideilsllffi’geret
718 1272 836 1306 accolis

337 1321 476 1354 Tolosae
502 1321 731 1355 residentibus.

192 1380 224 1413 3.
253 1379 342 1419 Quae
376 1378 517 1412 fecunda
549 1388 681 1412 manens
715 1379 837 1420 cespite

250 1475 381 1508 Nauius
407 1426 655 1517 sternisfefffigi’s
676 1475 834 1520 amabilis,

251 1524 405 1558 Scatebat
412 1525 541 1566 populis
550 1523 686 1565 perfidis
696 1534 735 1557 ae
743 1523 835 1565 feris,

336 1572 487 1606 Necdum
508 1571 599 1604 fonte
621 1573 811 1606 nitentibus.

217 1658 222 1664 .
250 1631 335 1671 Quos
372 1640 433 1673 per
461 1631 554 1673 signa
587 1631 658 1664 Deo
696 1631 838 1672 plurima

530 1680 681 1720 destinat,

249 1728 281 1760 A
313 1729 411 1760 mutis
434 1728 603 1760 retrahens
629 1727 835 1769 sculptilibus
896 1727 927 1762 8.

530 1785 622 1808 sacer

253 1824 321 1864 Quo
347 1825 466 1857 laetam
492 1801 633 1866 segetem
658 1828 768 1865 portet
793 1824 835 1857 ad

527 1882 638 1905 aream

339 1921 461 1955 Christi
487 1922 609 1954 semine
634 1922 794 1962 centuplo.

193 782 224 815 1.
250 781 324 814 Lux
368 781 481 814 mundi
523 781 681 814 Dominus
724 781 837 814 nubila
896 784 927 817 5.
954 784 1051 816 Hunc
1077 781 1170 824 plebs
1195 791 1293 815 saeva
1316 783 1388 815 neci
1404 782 1540 816 tradere

1228 834 1405 872 praeparat

956 879 1062 912 Tauro
1096 878 1242 911 membra
1266 879 1369 920 ligans
1396 878 1541 918 funibus,

1232 927 1354 968 arduis,

957 975 1057 1015 Quem
1090 984 1165 1007 mox
1189 975 1409 1015 instimulant,
1441 983 1538 1016 prae-

1230 1023 1360 1063 cipitem
1392 1023 1462 1056 dari

1039 1073 1161 1104 Arcem
1185 1080 1245 1111 per
1272 1072 1425 1112 capitolii.

921 1155 928 1162 .
955 1129 1023 1168 Quo
1042 1138 1118 1162 casu
1133 1129 1250 1161 laceris
1270 1130 1391 1162 decidit
1404 1129 1541 1162 artubus

953 1177 1100 1210 Excusso
1142 1177 1275 1209 cerebro
1307 1179 1438 1210 tramite
1464 1186 1537 1209 con-

1231 1224 1333 1267 frago,

956 1274 1102 1307 Christus
1115 1276 1192 1305 tunc
1204 1274 1344 1306 animam
1357 1273 1541 1315 suscipiens

1230 1321 1319 1355 fovet

1041 1370 1242 1411 Condignam
1268 1371 1460 1403 diademate.

920 1456 927 1463 .
954 1428 1060 1470 Hujus
1093 1436 1152 1461 nos
1185 1427 1356 1469 precibus,
1390 1437 1450 1461 rex
1474 1427 1542 1468 pie,

1230 1478 1365 1517 protege

952 1525 1101 1559 Peccatis
1134 1533 1295 1563 vacuans,
1329 1524 1538 1557 accumulans

1229 1573 1332 1614 bonis,

957 1621 1024 1661 Quo
1053 1621 1150 1662 justis
1176 1622 1255 1654 socii
1282 1622 1404 1654 coelica
1420 1621 1541 1663 gaudia

1043 1669 1215 1710 Captemus
1241 1670 1312 1702 sine
1335 1670 1449 1704 limite.

954 1728 1066 1760 Virtus
1091 1729 1235 1768 ingenito
1255 1728 1296 1760 sit
1314 1729 1437 1770 jugiter
1452 1728 1543 1770 patri

954 1775 1041 1809 Nato
1050 1785 1120 1809 cum
1128 1776 1260 1817 proprio
1268 1777 1396 1817 spiritui
1403 1786 1542 1819 quoque,

956 1824 1017 1864 Qui
1042 1825 1181 1866 simplex
1199 1825 1302 1857 deitas
1319 1834 1461 1867 veraque
1478 1826 1537 1857 tri-

1232 1873 1317 1906 nitas

1043 1922 1171 1963 Regnat
1204 1922 1312 1954 saecla
1336 1931 1397 1963 per
1422 1922 1542 1956 omnia.

269 1983 334 2011 Fol.
363 1983 398 2012 69
421 1990 448 2010 a.
500 2000 507 2003 -
530 1983 555 2017 3,
579 1985 594 2012 3
617 1983 757 2012 Scalebat
777 1983 898 2019 populis
918 1982 1026 2020 perfidi
1047 1992 1066 2012 a
1084 1984 1156 2012 feris
1177 1984 1232 2012 Hs.

825 2056 907 2097 126.

732 2124 824 2158 Alius
842 2124 991 2165 hymnus.

217 2214 223 2220 .
253 2189 349 2221 Vocis
375 2188 508 2225 auditae
530 2190 658 2223 novitas
683 2189 814 2223 refulsit

251 2237 350 2278 Regis
388 2237 563 2273 adventum
606 2239 749 2271 retinent
784 2247 837 2273 su.-

522 2287 618 2328 perni

252 2334 303 2367 De
327 2335 394 2369 suis
419 2335 516 2368 terris
541 2336 699 2376 pariendo
724 2334 837 2369 florem

338 2382 443 2425 Junge
472 2384 611 2417 colonos.

899 2190 930 2222 2.
957 2188 1132 2230 Ninguidis
1167 2192 1260 2230 septa
1278 2189 1396 2229 spaciis
1422 2189 1546 2222 Tolosa.

956 2236 1104 2279 Flagrat,
1132 2246 1269 2269 accensa
1293 2237 1372 2270 fidei
1398 2238 1515 2278 calore,

958 2286 1058 2326 Quem
1116 2285 1308 2318 Saturninus
1366 2286 1544 2320 roborante

1238 2334 1366 2368 Christo

1065 2383 1196 2424 Martyr
1221 2385 1357 2425 accepit.
