1655 2624
630 21 865 58 —46-

110 125 141 159 ’7.
156 125 250 157 Rosis
276 125 391 156 ornata
417 122 450 153 et
472 119 553 160 lilio,
782 117 837 151 11.
857 116 939 156 Quia
965 117 1006 149 de
1027 115 1150 147 cunctis
1179 113 1340 146 credimus

157 171 269 205 Nardo
293 178 427 203 manans
454 171 487 200 et
509 167 665 208 balsamo,
853 164 945 204 Quod
968 168 1002 196 te
1027 163 1161 197 exaudit
1186 161 1282 205 filius,

154 220 281 260 Regina
307 221 339 250 et
365 217 461 249 decus
486 215 657 256 virginum,
851 212 882 246 A
916 212 1040 245 cunctis
1073 212 1231 244 mundum
1256 209 1416 251 cladibus,

157 267 279 301 Christi
302 266 381 300 Jesu
405 263 592 297 sacrarium.
853 260 964 302 Virgo,
989 260 1134 300 guberna
1160 257 1306 291 coelitus

108 356 138 388 8.
156 355 252 387 Ortus
280 357 311 384 et
336 351 499 391 salutatio,
777 348 834 383 12.
851 348 942 387 Quod
967 351 1085 390 mente,
1113 346 1221 386 dictis,
1250 345 1375 378 actibus

152 402 360 442 Hypapante,
389 398 566 438 assumptio
847 396 934 429 Nato
958 399 1014 428 tuo
1040 394 1275 433 fraudavimus‚

152 450 277 482 Tantae
301 448 433 488 reginae
458 445 595 478 celebris
848 444 897 477 Tu
922 444 962 477 de
989 444 1120 476 coelesti
1145 443 1289 476 thalamo

151 497 257 529 Festis
286 497 475 529 corruscant
498 494 621 529 annuis,
846 492 997 526 Materno
1023 492 1113 525 solve
1137 491 1257 524 studio.

106 585 137 618 9.
152 584 254 624 Quem
276 582 415 614 mundus
431 589 496 614 non
511 580 711 620 intercludit,
779 581 834 614 13.
849 579 979 612 Nostris
1004 588 1133 612 oramus
1158 579 1305 620 vocibus,

151 631 243 663 Haec
267 630 389 663 ventris
416 629 488 661 alvo
515 627 664 670 contegit,
849 628 972 660 Aurem
994 625 1089 659 flecte
1116 626 1282 666 divinitus,

151 679 214 711 Est
238 679 291 719 qui
318 679 443 709 creator
469 677 619 713 omnium,
849 676 916 716 Quo
941 685 1000 708 nos
1026 675 1068 709 ad
1092 678 1182 708 tuum
1206 673 1308 707 filium

152 728 216 760 Per
226 727 310 759 hanc
323 726 461 765 sumpsit
478 723 710 764 corpusculum.
848 724 957 756 Ducas
983 726 1059 765 post
1082 724 1169 756 vitae
1194 723 1377 756 transitum.

81 813 135 847 10.
152 813 262 856 Natis,
290 812 384 844 sedes
410 810 579 850 tutissima,
778 810 833 843 14.
851 810 954 850 Patri,
982 813 1069 850 nato,
1096 809 1257 850 paraclito

150 861 268 893 Mortis
295 864 327 892 et
350 860 437 892 vitae
460 858 597 900 medica,
849 858 947 897 Laus,
971 858 1075 890 honor
1099 858 1169 890 sine
1194 857 1344 897 termino,

152 909 242 942 Coeli
266 907 410 948 suscepit
433 906 624 948 principem,
850 906 910 945 Qui
934 905 1083 946 disparili
1107 905 1237 938 nomine

151 956 219 995 Quo
243 957 331 989 coelo
355 955 468 988 reddit
493 954 664 987 hominem.
850 953 975 987 Coaevo
1001 956 1116 994 regnat
1139 954 1280 988 numine.

155 1031 220 1059 Pol.
245 1031 278 1059 13
298 1032 328 1060 b.
408 1030 432 1064 3,
455 1031 473 1058 4
494 1031 593 1058 omine
611 1028 676 1064 Hs„
697 1037 758 1057 was
779 1030 867 1057 einen
880 1028 956 1056 Sinn
975 1029 1098 1062 zulasst3
1129 1027 1413 1057 wahrscheinlicher

78 1070 322 1137 clie4Aspiration
337 1079 379 1135 Iz-Iu
401 1069 555 1105 ergiinzmi.
576 1082 614 1087 —
638 1068 662 1101 6,
686 1069 699 1097 1
725 1067 885 1096 Cohunbra
898 1067 951 1096 Hs.
965 1083 1002 1087 —-
1017 1069 1042 1102 8,
1056 1069 1072 1095 2
1093 1068 1284 1105 Hypapantis
1302 1067 1356 1095 Hs.
1375 1081 1414 1087 —-

80 1112 105 1140 8,
166 1111 317 1135 corruscat
369 1116 382 1135 s

390 1313 527 1353 Hmnus
552 1313 589 1345 (le
607 1313 731 1345 Pascha
752 1312 867 1345 domini
890 1313 930 1345 ad
949 1321 1112 1355 vesperas.

80 1404 111 1438 1.
153 1404 209 1436 Ad
236 1411 366 1436 coenam
392 1403 466 1443 agni
491 1403 620 1443 providi
779 1405 811 1438 5.
851 1404 875 1437 O
900 1412 974 1436 vere
999 1404 1095 1444 digna
1119 1404 1236 1445 hostia,

150 1451 196 1483 Et
219 1451 311 1484 stolis
336 1450 419 1483 albis
445 1450 586 1492 candidi,
849 1452 914 1485 Per
940 1461 1034 1492 quem
1058 1451 1165 1485 fracta
1182 1456 1260 1484 sunt
1274 1454 1410 1494 tartara,

150 1499 229 1532 Post
252 1499 424 1531 transitum
449 1499 548 1531 maris
573 1499 664 1531 rubri
848 1499 1030 1540 Redempta
1054 1500 1147 1540 plebs
1176 1501 1341 1540 captivata

152 1547 279 1581 Christo
306 1555 457 1580 canamus
482 1546 633 1588 principi.
847 1547 947 1580 Redit
973 1548 1016 1580 ad
1036 1549 1123 1581 vitae
1148 1549 1305 1588 praemia.

80 1636 111 1668 2.
152 1635 250 1675 cujus
280 1642 397 1674 corpus
422 1634 659 1666 sanctissimum
776 1635 809 1667 6.
848 1634 927 1667 Cum
951 1635 1057 1676 surgit
1081 1634 1230 1668 Christus
1251 1635 1376 1668 tumulo

150 1682 189 1715 111
217 1691 274 1714 ara
300 1682 403 1713 crucis
429 1681 599 1724 torridum,
848 1682 960 1715 Victor
985 1682 1071 1715 redit
1096 1683 1136 1715 de
1161 1683 1327 1724 barathro,

153 1729 274 1762 Cruore
299 1730 366 1770 ejus
388 1738 480 1762 roseo
846 1730 1033 1771 Tyrannum
1059 1731 1193 1764 trudens
1215 1732 1345 1764 vinculo

153 1777 320 1811 Gustando
345 1777 489 1811 vivamus
515 1776 594 1811 Deo,
848 1775 908 1823 [Et
934 1787 1083 1812 reserans
1108 1778 1324 1823 paradisum}

79 1866 109 1899 3.
149 1864 292 1898 Protecti
316 1864 459 1904 paschae
484 1872 620 1904 vespere
778 1866 808 1900 7.
847 1867 1053 1907 Quaesumus
1081 1869 1194 1900 auctor
1220 1867 1371 1908 omnium,

149 1913 180 1945 A
206 1911 396 1945 devastante
420 1913 545 1953 angelo,
846 1915 885 1947 In
912 1914 973 1947 hoc
996 1915 1143 1955 paschali
1169 1915 1288 1955 gaudio

148 1959 265 2001 Erepti
292 1960 332 1992 de
360 1960 530 1993 durissimo
847 1962 900 1994 Ab
926 1963 1013 1994 omni
1036 1963 1149 1995 mortis
1173 1962 1298 2002 impetu

150 2008 329 2042 Pharaonis
353 2008 499 2048 imperio.
848 2010 952 2045 Tuum
980 2008 1119 2043 defende
1142 2011 1313 2050 populum.

78 2099 111 2131 4.
149 2093 711 2136 JanipaschanostrumChristusest‚
777 2097 809 2131 8.
847 2095 960 2129 Gloria
983 2096 1054 2136 tibi,
1083 2096 1221 2137 domine,

152 2144 211 2183 Qui
235 2143 417 2175 immolatus
443 2151 543 2184 agnus
569 2145 626 2184 est,
849 2144 910 2184 Qui
935 2144 1105 2177 surrexisti
1131 2154 1151 2177 a
1174 2145 1322 2187 mortuis,

150 2191 352 2226 sinceritatis
378 2199 491 2230 azyma
848 2192 928 2225 Cum
951 2195 1048 2233 patre
1073 2194 1106 2225 et
1129 2197 1242 2226 sancto
1267 2193 1388 2233 spiritu

152 2240 233 2275 Caro
260 2241 328 2281 ejus
354 2239 463 2271 oblata
490 2242 547 2271 est.
847 2240 885 2273 In
911 2241 1108 2281 sempiterna
1131 2242 1272 2276 saecula.

154 2318 219 2347 Eoi.
246 2316 279 2345 14
298 2316 326 2343 b.
346 2316 404 2343 mit
422 2314 493 2343 Mel.
514 2331 551 2335 —-
572 2315 650 2344 Dan.
669 2315 693 2344 1.
715 2315 767 2353 8S3
787 2316 879 2345 Mene
898 2315 963 2346 161.
984 2334 1022 2337 —
1042 2317 1069 2352 (3,
1093 2318 1112 2346 4
1131 2317 1216 2346 fehlt.
1239 2319 1297 2348 Hs.
