1655 2624
636 46 900 82 *142—

92 148 129 181 4.
172 146 302 179 Coelum
328 145 383 185 ait,
411 144 538 177 roribus

217 193 317 226 Modo
342 193 433 226 novis
458 190 532 231 fluo,

168 241 254 274 Dum
278 241 419 281 resurgis
444 240 592 279 Domine,

216 289 267 321 De
292 297 409 328 sopore
433 289 499 328 tuo,

168 336 339 369 Elementa
363 335 486 376 liquide

219 383 371 416 Sentiunt
393 383 445 416 bis
472 383 546 423 (luo,

170 432 316 466 Omnia
342 440 428 464 cum
453 430 629 463 Domino

220 479 326 512 dona
349 478 522 512 redisse
546 487 628 512 SUO.

93 559 130 591 5.
171 556 245 589 Non
271 565 313 600 eS,
341 556 445 599 homo,
473 554 621 587 subditus

219 603 358 637 Satanae
384 604 456 643 plus
481 603 551 644 iris,

170 652 248 685 Ideo
274 653 437 685 revertere

219 700 289 732 Viis
314 709 333 732 a
360 699 482 740 deliris,

170 748 234 781 Cor
258 748 345 780 intus
372 748 546 781 virtutibus

218 795 417 829 Exornando
443 796 543 836 miris,

170 843 412 877 Paschales

434 891 564 932 dapes
868 890 1003 924 Nobis
1028 890 1232 924 surrexit

269 939 446 972 conviva
471 940 673 980 requiris,
917 939 985 979 qui
1011 939 1136 973 nobis
1167 941 1322 971 cuncta
1351 947 1448 971 cre*

1132 988 1233 1022 avit

433 1036 464 1070 8.
503 1035 661 1068 Ablutum
686 1035 883 1076 percipimus

553 1086 757 1124 peccatorum
784 1082 916 1123 faecem,

506 1131 564 1165 Bis
589 1140 648 1164 sex
670 1131 827 1164 idiomata,

556 1181 741 1221 septiesque
768 1179 879 1212 decem

509 1228 608 1261 Illum
632 1228 768 1260 laudent
792 1228 944 1272 pugilem,

556 1276 610 1316 qui
639 1276 758 1308 devicit
782 1284 905 1317 necem,

508 1323 708 1364 Denique
734 1324 929 1357 creatori

557 1381 634 1404 cun
648 1374 717 1404 cta
742 1374 895 1405 creata
927 1380 1109 1413 precem.

178 1456 242 1485 Fol.
265 1458 300 1486 99
322 1465 336 1484 2¹
370 1471 407 1476 —
429 1458 454 1491 4,
480 1458 495 1485 5
517 1457 578 1485 und
599 1455 616 1484 6
636 1457 794 1486 Eltanenta
814 1466 846 1486 sc
865 1458 981 1494 liquide
1002 1459 1086 1487 ciunt
1105 1458 1151 1487 bis
1173 1458 1231 1487 duo
1258 1457 1284 1486 11
1289 1466 1302 1485 s

470 844 716 884 quicunque

798 142 830 176 6.

739 1587 797 1628 23.

870 141 931 180 Qui
955 141 1046 181 prius
1071 139 1250 173 habuerant

919 190 1043 222 Poenas
1069 191 1166 228 atque
1190 190 1321 230 metum⁷

869 236 980 270 Hodie
1004 236 1155 269 translati
1181 239 1256 268 sunt

919 285 973 318 Ad
998 286 1104 318 locum
1134 284 1287 325 quietum,

870 333 954 367 Nam
981 332 1134 366 contrivit
1157 332 1315 365 Dominus

918 380 1131 415 Sathaninum
1156 383 1291 423 coetum,

868 430 1068 463 Laudent
1092 428 1180 461 rite
1204 428 1336 461 Deum

916 478 1001 516 luit,
1028 478 1172 520 polus,
1201 486 1321 518 arva,
1349 474 1440 509 fre-

1132 527 1147 557 t
1153 535 1176 557 u
1183 534 1215 557 m
1220 553 1227 559 .

870 602 979 635 Hodie
1005 603 1201 643 completum
1227 605 1286 645 est,

917 651 1004 691 quod
1028 650 1195 692 praedixit
1218 650 1339 692 David,

866 698 1143 740 Phrophetizans:
1170 698 1328 731 Dominus

917 756 937 779 a
961 747 1048 788 ligno
1070 746 1230 790 regnavit,

869 795 966 835 Cujus
991 795 1187 827 resurrectio

919 845 1030 884 captos
1055 843 1218 886 liberavit,

602 1674 646 1707 De
666 1674 790 1715 Spiritu
814 1675 938 1707 Sancto.

99 1756 133 1789 1.
172 1755 265 1795 Veni,
293 1756 436 1788 salvator
460 1756 582 1796 egentis

219 1802 343 1844 Gentis,
369 1807 480 1836 sancte
504 1804 650 1845 spirituS,

799 1757 831 1789 4.

173 1852 223 1884 Tu
248 1853 302 1893 qui
335 1860 408 1893 spes
444 1861 476 1884 es
500 1853 535 1885 in
560 1852 739 1893 tormentis,

217 1900 339 1933 Mentis
366 1902 398 1932 et
421 1900 609 1941 paraclitus,

97 1978 133 2011 2.
176 1977 300 2016 eorpus
327 1976 423 2009 ablue
447 1978 606 2018 pollutum

220 2024 339 2057 Lutum
364 2033 423 2065 per
447 2025 579 2066 odibile,

173 2072 255 2112 Quia
280 2073 373 2105 dator
399 2081 432 2104 es
457 2072 622 2113 virtutum,

220 2120 340 2153 Tutum
363 2123 399 2153 tu
423 2120 477 2154 fao
503 2120 619 2156 debile.

94 2198 132 2231 3.
167 2197 214 2230 Es
240 2198 384 2231 solamen
406 2198 441 2230 in
465 2207 621 2242 moerore,

219 2247 306 2279 Rore
330 2245 548 2280 madefaciens

171 2294 310 2336 Montes,
338 2298 370 2327 et
398 2294 477 2327 dans
503 2296 536 2327 in
562 2303 673 2327 amore

219 2342 316 2376 More
341 2343 429 2376 dulci
451 2343 605 2377 vinciens.

801 1980 831 2011 εἴ(

869 1756 973 1790 Nobis
996 1757 1110 1790 labore
1134 1759 1306 1801 quassatis,

919 1804 1005 1838 Satis
1029 1806 1065 1839 in
1088 1806 1150 1839 hoc
1175 1807 1302 1839 saeculo

871 1853 1028 1886 Vitiorum
1057 1854 1244 1897 sordidatis,

918 1900 972 1934 Da
996 1902 1038 1934 tis
1064 1911 1168 1943 opem,
1195 1902 1334 1943 postulo.

870 1978 960 2011 Velis
986 1987 1043 2011 nos
1073 1978 1294 2020 mundificare,

920 2025 1001 2060 Care
1025 2029 1120 2067 pater
1145 2035 1332 2067 pauperum.

870 2073 939 2106 Fae
963 2082 1021 2106 nos
1046 2077 1151 2106 tecum
1176 2074 1325 2107 habitare

917 2121 1014 2154 Mare
1037 2122 1156 2155 tollens
1178 2122 1343 2157 miserum.

826 2224 832 2231 .
869 2199 938 2231 Des
964 2198 1119 2231 auxilium
1143 2197 1251 2241 fidele,

918 2245 1001 2279 Dele
1025 2248 1143 2281 mentis
1169 2248 1294 2290 vitium,

872 2293 923 2327 Sis
948 2297 1055 2328 rector
1079 2298 1211 2330 nostrae
1235 2297 1394 2340 loquelae,

917 2343 1006 2383 Quae
1031 2353 1086 2378 eor
1110 2345 1214 2379 laedit
1237 2346 1382 2381 nimium.
