1655 2624
746 65 1010 101 —153—

550 161 582 195 3.
621 161 660 194 In
685 160 796 202 figuris
822 162 885 196 hoe
908 166 1097 205 praecessit,

714 210 800 243 Dum
824 221 847 244 a
868 212 1017 253 patribus

616 267 740 300 Manna
764 267 827 301 Dei
849 278 913 301 non
941 271 1090 303 discessit

712 316 778 349 Sed
809 319 842 349 et
863 318 1022 351 matribus

614 374 735 407 Panem
761 374 849 407 Deus
876 375 976 417 dedit,

614 421 722 454 Homo
747 426 826 455 tuno
852 424 991 456 eomedit

663 470 785 504 Panem
809 471 1008 512 angelorum,

614 517 656 549 Vi
680 527 740 550 sua
763 518 923 551 Hebraeis

614 565 718 598 Terra
744 567 836 599 dedit
861 567 906 599 eis

663 614 743 646 Post
765 615 866 647 maris
892 617 1074 648 transitum.

285 669 333 696 W.
374 668 476 703 Leich,
498 678 586 698 wenn
605 678 676 698 man
696 671 768 706 will,
789 672 846 699 mit
865 670 1034 707 doppeltem
1054 672 1223 708 Abgesang.
1244 688 1283 693 —-
1306 673 1329 707 1,
1353 673 1447 702 S-lo
1468 674 1546 703 steht

203 709 238 736 in
258 707 310 736 der
331 707 383 735 Hs.
405 707 484 736 nach
505 708 536 743 3,
571 710 613 743 10,
641 717 687 736 wo
710 717 741 737 es
763 710 878 738 sowohl
898 710 947 738 die
969 710 1113 746 Ordnung
1133 710 1184 738 des
1205 711 1396 740 Versmasses
1422 712 1467 740 als
1490 713 1547 741 den

203 746 282 813 {im}
312 748 396 775 stol-t.
450 746 497 774 An
526 747 625 776 seiner
653 748 786 786 jetzigen
817 747 910 777 Stelle
938 748 1009 778 funt
1039 758 1069 777 es
1100 749 1167 777 eine
1197 752 1281 778 sonst
1309 751 1546 788 unbegreiflicht·

232 793 270 813 ue
280 794 310 814 {e
331 793 394 814 aus.

728 881 772 913 De
795 880 828 912 B.
851 881 888 912 V.
910 880 1022 913 Maria.

205 932 237 965 1.
275 931 476 973 Imperatrix
500 932 640 973 egregia,
907 935 940 966 2.
979 932 1030 965 Tu
1054 936 1218 974 sceptrum
1242 934 1327 975 regis
1354 935 1486 976 gloriae,

327 980 422 1013 Salus
451 980 671 1018 humanitatis,
1027 982 1176 1014 Potestas
1202 982 1317 1014 summi
1342 983 1413 1023 Dei,

276 1038 461 1078 Pauperum
486 1036 648 1080 suffragia,
980 1038 1004 1070 O
1031 1039 1122 1080 virgo
1147 1039 1326 1080 sapientiae

325 1086 491 1120 Secretum
519 1085 660 1126 deitatis,
1028 1086 1074 1118 Et
1097 1087 1288 1119 miserorum
1314 1097 1393 1128 spel.

276 1142 441 1183 Splendor
466 1145 618 1175 aeternae
642 1143 822 1183 majestatis
980 1142 1062 1183 Spes
1085 1143 1286 1177 infirmorum
1311 1154 1383 1177 cum
1407 1145 1517 1179 beatis,

276 1191 385 1232 Atque
412 1190 603 1232 divinitatiS,
980 1192 1128 1226 Duloedo
1154 1193 1297 1234 pietatis,

325 1241 427 1273 Plena
451 1248 529 1273 vere
558 1239 692 1273 deliciis.
1023 1241 1242 1282 Agonizantes
1267 1242 1402 1282 respice.

548 1300 580 1332 3.
619 1297 784 1330 Memento
809 1298 923 1338 nostri,
952 1306 1156 1340 quaesumus,

660 1346 851 1379 Praeelecta
875 1346 1004 1385 satiata,

612 1404 659 1438 Ut
680 1406 754 1436 tuus
779 1404 964 1446 unigenitus

658 1452 811 1486 Dimittat
835 1461 921 1485 nunc
945 1456 1091 1497 peccata,

612 1510 659 1544 Ut
681 1511 715 1542 in
742 1511 896 1543 extremis
920 1511 1042 1543 nostris
1062 1511 1185 1551 jugiter

612 1559 755 1592 Collocet
780 1559 813 1592 in
841 1559 956 1592 solatio

660 1607 799 1641 Goelesti
825 1608 1043 1641 aeternaliter.

277 1664 328 1692 W.
371 1664 615 1702 Regelmassiger
634 1664 736 1693 Leich.
849 1702 892 1742 10

717 1758 796 1790 Item
818 1757 856 1790 (le
877 1758 910 1790 Β.
933 1758 969 1789 V.
991 1757 1028 1790 M.

204 1811 236 1845 1.
274 1810 328 1843 En
353 1811 492 1852 positive
518 1811 667 1844 collaudo
692 1812 726 1842 te
748 1810 809 1852 for,
905 1813 937 1845 3.
977 1811 1182 1851 Superlative
1203 1820 1289 1843 nunc
1313 1811 1410 1844 laudo
1433 1814 1465 1843 te
1485 1812 1544 1851 for,

276 1859 369 1899 Quod
393 1859 438 1891 sis
460 1862 530 1892 tota
553 1860 701 1901 pulchra,
730 1860 793 1899 dia,
977 1860 1069 1900 Quod
1096 1859 1139 1892 sis
1165 1861 1304 1892 matrum
1328 1859 1502 1902 uberrima,

275 1907 400 1948 Dulcis,
426 1908 525 1949 mitis,
556 1908 703 1949 rutilans,
730 1908 795 1948 pia.
977 1908 1228 1949 Puellarumque
1251 1907 1479 1948 pulchern'ma.

199 1969 234 2001 2.
275 1966 503 2008 comparative
529 1966 677 1999 collaudo
702 1969 735 1998 te
758 1966 819 2009 for,
905 1968 938 2001 4.
979 1967 1004 2001 O
1018 1970 1141 2009 saneta,
1160 1967 1312 2011 sanctior,
1331 1967 1545 2010 sanctissima,

274 2015 367 2056 Quod
391 2015 435 2047 sis
460 2015 530 2048 sole
558 2015 772 2059 splendidior,
978 2015 1044 2048 Sub
1071 2018 1125 2047 tuo
1151 2015 1256 2056 gradu
1283 2016 1482 2057 dignissima,

273 2064 382 2096 Astris
410 2064 491 2096 coeli
515 2064 740 2105 perspicatior.
977 2064 1062 2097 Juva
1086 2064 1241 2096 mundum
1266 2062 1513 2105 perfectissima.

278 2121 327 2149 W.
349 2121 386 2150 N.
416 2137 455 2141 —
475 2121 550 2150 Dies
572 2121 701 2151 Gedieht
726 2121 857 2150 befindet
876 2121 941 2150 sich
960 2121 1037 2150 auch
1055 2123 1088 2149 in
1107 2121 1160 2149 der
1179 2122 1384 2159 &Vittingauer
1404 2121 1459 2150 Hs.
1482 2123 1508 2150 A
1528 2126 1545 2150 4

195 2161 256 2196 (N),
285 2169 348 2188 war
375 2160 434 2188 mir
460 2162 532 2189 aber
556 2162 606 2190 bei
637 2161 690 2189 der
709 2160 934 2189 schreekliehen
960 2160 1073 2189 Schrift
1099 2160 1150 2189 des
1172 2160 1252 2189 Crux
1271 2168 1332 2188 von
1350 2161 1440 2189 Telez
1460 2162 1546 2190 nieht

198 2199 405 2234 entzifferbar3
424 2199 501 2235 jetzt
519 2200 558 2228 <la
580 2201 656 2228 zwei
671 2199 908 2228 Handsolnaften
926 2200 988 2228 fast,
1006 2198 1146 2228 wortlieh
1166 2197 1441 2233 iibereinstimmen,
1462 2199 1548 2229 kann

199 2238 250 2266 ich
269 2238 355 2267 nieht
372 2235 478 2276 linger
503 2238 649 2268 zweifeln.
671 2253 711 2258 -—
732 2239 792 2268 Str.
814 2241 831 2266 4
853 2240 899 2267 als
913 2237 954 2267 R⁰
974 2238 1150 2268 bezeiehnet
1169 2239 1202 2265 in
1214 2238 1263 2272 W,
1285 2238 1331 2266 als
1344 2238 1381 2265 V.
1402 2240 1435 2266 in
1448 2239 1485 2268 N.
1506 2256 1547 2260 —

199 2276 287 2306 Naeh
306 2277 365 2306 Str.
391 2278 400 2304 1
432 2278 465 2313 O,
488 2279 575 2315 virgo
595 2276 696 2307 Maria
717 2278 758 2306 W
778 2278 820 2313 N,
850 2278 1004 2306 vielleieht
1023 2286 1085 2305 war
1106 2276 1170 2305 dies
1192 2277 1244 2305 cler
1264 2276 1396 2305 Refrain.
1418 2292 1455 2297 —
1479 2278 1503 2313 2,
1529 2280 1540 2307 1

200 2315 421 2345 Commendabo
448 2320 479 2346 te
504 2317 550 2345 fol·
566 2317 605 2346 N.
626 2334 665 2338 —
693 2317 725 2354 3,
753 2317 768 2345 1
796 2326 875 2345 nune
895 2317 1026 2346 laudabo
1055 2319 1085 2345 te
1109 2315 1155 2344 for
1174 2316 1211 2345 N.
1235 2332 1274 2336 -—
1298 2318 1330 2347 4,
1360 2316 1377 2343 3
1405 2326 1546 2354 persanc-

199 2356 320 2384 tissima
332 2356 381 2384 W.
404 2370 440 2374 —
461 2358 487 2391 4,
512 2357 529 2384 2
550 2357 592 2387 ist
611 2358 675 2393 sub,
697 2359 724 2392 4,
747 2357 763 2385 3
785 2365 839 2394 per
858 2356 1042 2392 iiberziihlig,
1065 2356 1104 2384 da
1117 2356 1189 2384 aber
1204 2355 1292 2384 beide
1307 2355 1363 2383 Hs.
1378 2357 1423 2385 sie
1436 2356 1544 2392 haben,

199 2395 319 2423 belasse
338 2395 388 2423 ich
408 2396 461 2424 sie.
