1655 2624
195 183 234 216 ’7.
274 181 399 216 Navita
421 181 626 225 naufragium

323 229 454 264 Timens
482 231 573 265 dirae
597 234 723 275 mortis,

279 303 541 315 .......

274 375 518 416 Fracturaeque
542 378 670 411 navium

271 422 347 455 Jam
373 423 496 456 confert
523 426 701 458 remedium

322 471 447 504 Dextra
474 473 535 504 viri
566 471 669 507 fortis,

273 527 420 561 Clericos
446 530 611 563 occiderat

321 576 450 617 Hospes
475 579 572 610 armis
600 578 699 618 duriS,

271 625 409 665 Hisque,
436 634 515 666 quos
540 629 714 659 necaverat

320 671 455 705 Perfida
477 674 610 716 securis,

271 720 408 753 Praesul
434 720 534 754 vitam
556 721 703 762 dederat,

270 768 408 809 Nomen,
433 769 467 802 in
493 778 553 810 qua
582 768 697 813 fuerat,

319 816 438 850 Nescio
463 818 602 851 telluris

608 877 661 910 11.

849 88 918 125 133
969 109 1016 114 —

931 187 1016 222 9.1n
1041 188 1108 220 suis
1134 189 1336 222 sermonibus

1026 235 1143 269 Nullus
1171 240 1240 269 erat
1269 237 1370 280 dolus,

978 283 1043 316 Sed
1067 293 1149 325 prae
1179 285 1276 318 rebus
1302 286 1449 318 omnibus

1025 332 1069 364 Ei
1093 332 1201 372 placet
1225 334 1329 374 polus

977 379 1012 412 Si
1037 381 1081 412 sit
1106 389 1176 412 cum
1199 382 1402 423 magnatibus

977 427 1113 461 :functus
1138 438 1195 462 seu
1220 430 1432 470 praesulibus,

1025 476 1158 509 Infimus
1186 480 1233 509 est
1260 477 1356 511 solus.

905 533 961 567 10.
976 533 1121 572 1301111115,
1147 535 1291 575 seientia,

1025 582 1148 621 Virtus,
1177 591 1232 614 cor
1256 584 1354 624 pium,
1380 593 1447 617 mos

975 629 1139 662 Fecerunt
1163 630 1250 662 huno
1266 632 1372 672 gratia

1024 677 1174 719 Dignum,
1200 687 1262 711 non
1289 688 1350 720 per
1373 689 1519 714 nummos

975 724 1089 766 Neque
1114 734 1185 758 cum
1210 728 1350 766 pecunia

976 773 1111 806 scandit
1134 783 1205 806 eum
1231 775 1376 816 ecclesia,

1024 821 1139 862 Credo,
1167 823 1284 864 gradus
1311 832 1459 857 summos.

703 878 761 916 Qui
788 880 896 910 rector
926 879 960 910 in
987 879 1127 911 aetheris

726 925 857 958 Summa
881 926 960 958 sede
984 927 1088 967 sedet,

680 972 722 1004 Ni
727 975 828 1015 colae,

853 973 981 1007 miseris

729 1021 899 1054 Mediante
923 1024 956 1054 te
983 1022 1038 1054 det

681 1067 832 1101 Gaudere

859 1079 929 1102 cum
955 1079 1014 1110 sup
1019 1070 1092 1106 eris,

676 1117 760 1156 Quos
783 1117 818 1149 111
841 1118 961 1151 1111111ᾰο
993 1119 1126 1151 sceleris

724 1165 873 1198 Poenitet
898 1169 931 1198 et
953 1167 1084 1202 haedet.

271 1231 335 1259 Fol.
362 1230 400 1259 94
423 1240 449 1259 a.

837 1297 896 1336 15.

645 1373 726 1405 Item
748 1373 786 1406 (le
806 1373 916 1405 saneto
939 1374 1077 1407 Nicolao.

218 1473 223 1478 .
263 1444 408 1482 Nicolae‚
438 1446 628 1478 clericorum

313 1494 449 1526 Praesul
476 1496 509 1525 et
532 1496 679 1535 patrone,

262 1542 328 1574 Vas
356 1542 503 1582 electum,
529 1552 586 1575 vas
615 1543 776 1586 decorum,

310 1592 341 1622 A
367 1590 460 1623 nobis
488 1591 614 1632 depone

260 1637 372 1671 Grave
398 1638 525 1679 pondus
551 1639 714 1682 vitiorum,

260 1686 389 1719 Fruens
416 1696 486 1720 cum
512 1690 625 1721 sancta
649 1690 834 1721 sanctorum

311 1734 400 1768 Coeli
425 1736 565 1778 regione,

308 1783 402 1824 Euge
423 1793 518 1817 serve
541 1784 635 1818 bone.

187 1844 219 1875 2.
260 1841 388 1876 Laudet
412 1842 518 1883 ipsum
544 1851 607 1875 vox
634 1846 808 1879 communis

308 1890 443 1924 Cantioo
467 1900 532 1924 11011
555 1890 655 1932 tristi,

257 1939 320 1980 Qui
344 1940 472 1981 quando
496 1948 577 1980 puer
599 1940 633 1972 111
660 1938 749 1973 0111115

305 1988 490 2022 Videbatur
514 1988 597 2027 sisti,

252 2038 353 2073 Jacet
379 2035 527 2072 faucibus
552 2037 683 2078 jejunis.

254 2087 347 2120 Haec
374 2094 448 2120 caro
472 2089 582 2119 manet
605 2086 640 2118 111
664 2086 788 2130 prunis,

304 2137 348 2170 Et
370 2135 439 2175 jam
464 2135 574 2176 placet
598 2134 654 2166 isti

303 2185 379 2219 Vita
404 2183 483 2216 Jesu
510 2183 639 2217 Christi.

177 2243 215 2276 3.
253 2241 372 2276 Subdit
396 2250 431 2274 se
457 2241 577 2275 Christi
601 2241 763 2276 mandatis

304 2290 369 2324 Sed
394 2290 557 2324 mundano
581 2300 645 2324 non
672 2291 770 2324 omini

256 2338 405 2373 cultibus
431 2340 622 2375 humilitatis

302 2387 415 2424 Servii:
440 2388 549 2422 divino
574 2388 715 2432 nominiq

965 1447 1121 1480 Precibus
1147 1447 1211 1479 sibi
1238 1448 1372 1480 collatis.

965 1495 1081 1528 Statim
1104 1500 1185 1529 nutu
1208 1495 1338 1535 pietatis

1016 1542 1137 1576 Cuncto
1162 1545 1322 1577 succurrit
1346 1545 1468 1577 homini

1014 1592 1083 1625 Iste
1106 1591 1271 1626 confessor
1297 1593 1428 1626 domini.

892 1650 925 1683 4.
964 1651 1055 1683 Inter
1079 1653 1208 1683 sanctos
1233 1654 1419 1684 numeratus

1015 1698 1082 1731 Iste
1109 1699 1224 1731 merito
1250 1700 1303 1741 sit,

965 1747 1026 1787 Qui
1053 1748 1128 1780 dum
1155 1750 1240 1780 essct
1263 1748 1430 1781 invocatus

1013 1795 1066 1828 Ab
1094 1804 1141 1837 ρο,
1169 1804 1262 1837 quem
1288 1796 1369 1828 rosit

964 1844 1068 1877 Dolor
1092 1847 1188 1885 atque
1215 1844 1314 1877 durus
1340 1847 1454 1888 status,

966 1892 1038 1927 Cito
1064 1892 1102 1925 fit
1126 1893 1155 1924 ei
1178 1896 1323 1934 paratus,

1012 1941 1073 1981 Qui
1097 1950 1210 1974 manus
1237 1942 1417 1986 complosit,

1010 1989 1059 2023 Ut
1079 1991 1172 2031 juvet
1196 1995 1228 2023 et
1252 1990 1368 2031 prosit.

961 2048 1110 2088 Virgines
1137 2057 1179 2081 ne
1205 2048 1380 2090 deturpare

1008 2096 1119 2130 Possit
1142 2097 1249 2139 stupri
1271 2098 1455 2138 turpitudo,

961 2145 1139 2185 Impedivit
1169 2147 1256 2179 clare

1009 2194 1093 2227 Auri
1118 2194 1318 2236 magnitudo,

959 2244 1059 2277 Pater
1081 2243 1176 2284 inops
1204 2242 1389 2276 collaudare

960 2292 1114 2325 Sanctum
1139 2294 1249 2332 posset
1276 2294 1309 2324 et
1335 2291 1486 2333 clamare,

1008 2341 1099 2374 Auro
1125 2340 1195 2373 viso
1221 2340 1320 2381 nudo,

1008 2390 1138 2431 Pauper
1168 2398 1225 2432 ego
1251 2389 1340 2423 ludo.
