1655 2624
692 25 953 61 „156—

228 126 336 165 Latet,
363 128 401 157 ut
424 123 484 156 sub
509 124 621 164 herba,
927 122 980 156 Ex
1005 123 1068 155 hoc
1093 122 1168 154 divo
1193 130 1279 162 pane
1301 121 1377 154 vino

227 173 366 213 Sanguis
394 173 468 205 dum
492 181 554 212 per
580 171 682 205 verba
976 171 1110 211 Sumpto
1134 178 1278 211 munere,

277 220 452 253 Formatur
477 220 548 252 rite.
926 218 1094 259 Apostolis
1120 226 1198 250 vere
1221 218 1299 250 solis

229 268 294 308 Eja
322 268 509 308 jubilantes,
975 267 1069 301 Tunc
1096 266 1264 307 porrigere

229 316 372 350 Matrem
397 319 597 359 venerantes,
926 315 1047 357 Voluit,
1073 323 1158 356 pane
1182 312 1296 355 fracto,

280 363 365 396 Nato
396 363 564 398 concinite.
928 363 1036 396 calice
1061 363 1232 396 benedicto

155 413 191 445 2.
230 412 353 452 Liquor
374 411 492 443 rubens
519 409 640 444 Christi
665 410 754 444 fusus
972 411 1092 444 Dicens
1118 411 1184 443 his:
1217 410 1349 444 Sumite.

278 459 335 493 Fit
360 468 399 492 ex
423 460 536 500 latere,
927 459 1014 492 Grex
1041 458 1155 500 quibus
1179 459 1398 501 committitur,

229 507 484 548 Haereticusque
508 507 671 548 praecisus
926 507 1007 540 Caro
1032 507 1161 547 sanguis
1187 507 1328 540 traditur

278 554 399 596 Nequit
424 556 589 596 accedere,
975 555 1040 589 Sub
1067 555 1144 588 bina
1167 555 1288 595 specie,

231 603 317 636 Nam
343 603 490 636 Christus
513 604 548 635 in
573 612 673 636 coena
925 603 990 636 Res
1015 603 1099 636 bene
1121 604 1324 646 exprimitur,

228 651 342 683 Turba
368 651 517 683 duodena
926 650 1051 692 Corpus
1075 652 1170 692 panis
1196 652 1324 691 dicitur,

280 699 365 732 Dum
392 699 641 741 conquiesceret,
972 699 1091 732 Vinum
1115 700 1149 732 in
1173 699 1337 740 sanguine.

509 749 540 781 3.
578 746 636 779 Ait
661 747 774 780 Jesus:
803 755 918 787 corpus
942 756 1047 779 meum

625 794 697 826 Hoc
723 795 921 838 commedite‚

579 842 714 883 Sanguis
739 851 828 874 meus
852 842 916 884 hic,
945 851 984 875 ex
1010 850 1046 875 eo

628 890 744 923 Omnes
772 890 884 924 bibite.

577 938 617 972 In
639 938 835 979 memoriam,
860 938 981 980 retulit,

580 987 718 1025 Quorum
743 995 839 1018 unum
865 986 994 1025 repulit,

624 1033 745 1065 Judam
768 1034 906 1066 nomine.

578 1081 786 1114 Discessurus
809 1080 897 1114 facta
930 1089 1030 1114 coena

626 1130 679 1162 Ab
703 1130 868 1172 apostolis,

580 1177 648 1216 Quo
673 1177 788 1210 ordine
810 1177 855 1209 sit
877 1177 1050 1209 sumendus

626 1225 658 1257 A
684 1225 859 1267 discipulis,

580 1272 673 1306 Jesus
698 1281 761 1305 non
785 1272 935 1313 instituit,

579 1320 761 1353 Ecclesiam
785 1321 897 1360 voluit,

628 1369 719 1402 Haec
745 1368 938 1402 discernere.

581 1417 636 1450 Vis
659 1416 734 1448 audi
759 1417 922 1456 attentuis,

577 1463 667 1497 Haec
692 1462 794 1496 refert
816 1464 1016 1505 Augustinus

627 1514 663 1545 In
690 1521 746 1544 suo
773 1520 871 1552 opere

578 1560 632 1593 Sic
656 1563 761 1592 sumat
787 1561 994 1593 communitas

577 1608 768 1641 Sanctorum
793 1608 969 1640 auctoritas

628 1656 694 1689 Sub
719 1665 786 1688 una
811 1657 932 1696 speeie.

236 1713 284 1740 W.
309 1713 346 1741 N.
368 1727 405 1732 -—
425 1713 533 1741 Dieser
553 1713 685 1741 {iusserat
705 1712 879 1741 kfinstliehe
897 1712 992 1741 Leich
1013 1727 1050 1732 —-
1071 1713 1149 1741 ‹lenn
1170 1713 1246 1741 auch
1267 1714 1317 1742 die
1339 1714 1494 1743 einzelnen

157 1751 274 1780 Stollen
301 1751 368 1779 sind
394 1752 472 1780 nach
493 1752 559 1779 dem
579 1751 703 1780 Gesetze
724 1750 775 1779 der
793 1751 1020 1789 Dreiteiligkeit
1039 1751 1202 1788 aufgebaut
1221 1767 1258 1772 —
1278 1752 1409 1781 befindet
1428 1753 1494 1782 sich

158 1789 235 1818 auch
254 1791 287 1818 in
306 1790 358 1818 der
376 1790 579 1828 Wittingauer
599 1789 794 1818 Handschrift
817 1789 844 1817 A
862 1789 882 1818 4
899 1789 956 1826 (N),
980 1799 1020 1819 un
1038 1790 1129 1818 deren
1142 1791 1233 1819 Hand
1255 1791 1348 1820 allein
1366 1792 1424 1819 mir
1444 1791 1493 1819 die

156 1828 349 1865 Entwirrtmg
376 1828 427 1857 des
451 1828 566 1857 Knauls
593 1829 677 1856 nieht
702 1828 844 1865 gelingen
866 1829 981 1865 wollte3
1005 1829 1080 1864 jetzt
1106 1831 1147 1857 ist
1167 1831 1212 1858 sie
1231 1830 1381 1866 gelungen
1400 1830 1494 1859 dtu-eh

157 1867 348 1903 Umstellung
366 1876 426 1895 von
445 1876 502 1896 nur
523 1867 539 1895 3
560 1867 678 1895 Zeilen:
705 1870 734 1903 l,
757 1867 880 1896 18-20
902 1868 1006 1896 stehen
1024 1867 1124 1896 hinter
1147 1870 1171 1903 1,
1194 1871 1209 1896 7
1230 1869 1309 1898 WN.
1333 1882 1372 1887 —-
1393 1868 1426 1903 2,
1454 1869 1491 1898 20

155 1906 332 1942 saeiguinem
351 1906 399 1934 W.
424 1921 463 1925 -
490 1909 523 1941 3,
557 1907 566 1935 1
592 1905 634 1934 Et
661 1906 823 1935 distribuas
844 1907 882 1935 N.
906 1921 942 1926 -—
965 1907 997 1942 3,
1030 1908 1065 1935 14
1085 1906 1172 1935 Haec
1191 1907 1375 1944 distinguere
1394 1907 1431 1936 N.
1456 1921 1492 1927 -ψ

159 1945 184 1977 3,
211 1946 245 1973 20
267 1944 328 1972 Sub
352 1944 425 1972 bina
445 1945 545 1979 speeie
564 1944 612 1979 W,
633 1953 711 1981 ganz
730 1953 827 1982 gegen
847 1946 903 1973 den
925 1944 1008 1973 Sinu.
1041 1945 1082 1974 W
1098 1947 1140 1974 ist
1158 1945 1221 1974 also
1244 1946 1293 1974 ein
1312 1945 1493 1975 husitisehes

155 1982 329 2012 Kantional.
350 1997 389 2002 —
408 1984 467 2011 Die
487 1983 558 2011 Mel.
580 1983 630 2011 des
650 1983 760 2012 Liedes
781 1984 814 2012 in
833 1984 871 2012 N.

795 2057 853 2099 16.

665 2125 709 2158 De
728 2127 761 2158 Β.
783 2126 819 2158 V.
842 2126 953 2158 Maria.

155 2188 190 2219 1.
226 2186 459 2227 Hymnizemus
485 2186 614 2220 Christo
639 2188 719 2231 regi,
855 2191 888 2222 2.
926 2188 1170 2221 Annunoiantes
1196 2188 1359 2231 gaudium,

231 2234 428 2267 venerantes
455 2238 592 2267 matrem
615 2235 678 2268 Dei
927 2236 1496 2281 Quodestsibidatumpemngelum,

230 2282 346 2315 Omnes
373 2292 443 2315 cum
465 2283 580 2324 jubilo,
928 2284 1043 2318 Castae
1067 2286 1165 2321 matri
1187 2285 1261 2328 Dei,

229 2330 388 2363 Canamus
414 2331 493 2364 Jesu
518 2332 656 2366 domino.
928 2333 1077 2367 Omnium
1100 2337 1246 2369 nostr-um
1271 2335 1353 2376 spei.
