1655 2624
685 64 923 101 -82—-

159 167 190 199 7.
204 166 317 207 Agnus
344 169 374 197 et
400 164 472 197 fera
496 164 600 196 bestia
833 163 888 198 10.
904 161 1021 194 Omnes
1046 165 1158 202 gentes
1185 165 1219 193 et
1240 161 1368 193 insu-lae

208 213 309 247 Simul
334 214 530 246 manducent
554 213 675 253 paleas,
903 209 1058 250 Magnum
1093 209 1292 250 triumphum
1316 207 1476 249 plaudite,

205 262 371 303 Agnoscat
402 261 460 294 bos
488 265 520 294 et
545 260 652 293 asinus
905 257 1021 291 Curtes
1053 265 1220 289 cervorum
1247 257 1378 296 currite,

205 310 372 342 Jacentem
396 310 430 342 in
456 309 637 351 praesepio.
903 305 1105 346 Redemptor
1136 314 1211 337 ecce
1232 305 1301 344 jam
1325 304 1426 337 venit.

160 368 192 401 8.
207 368 340 409 Signum
362 367 473 408 regale
499 367 637 399 emicans
834 363 1040 398 11.Diseant
1067 371 1234 395 caecorum
1260 362 1346 394 oculi

207 415 339 448 Sacrum
369 414 539 456 praecedit
561 413 724 456 verticem,
906 411 1065 444 Claudum
1093 411 1260 443 sedentem
1284 410 1380 442 lineis

204 463 320 505 Regali
343 466 419 496 nato
441 462 552 505 nobili,
905 459 1019 493 Noctis
1044 459 1195 492 tenebras
1221 459 1357 498 solvere,

205 511 322 553 Reges,
350 513 466 551 parate
487 519 631 542 munera.
904 508 1029 541 Lumen
1060 516 1172 540 verum
1197 507 1378 549 percipere.

160 571 191 601 9.
205 568 230 601 Ο
245 575 351 609 'quam
378 568 506 600 beatum
531 566 679 600 nuntium
834 567 890 600 12.
906 564 992 598 Gens
1019 565 1167 599 Galilaea
1192 567 1225 597 et
1251 564 1349 597 Creta

206 616 306 658 Virgo
331 616 440 648 Maria
464 616 598 655 audivit,
906 614 1037 655 Credat,
1063 614 1167 646 Persa
1193 615 1225 646 et
1249 613 1356 655 India,

209 663 377 696 Credendo
403 667 507 696 mater
533 662 657 695 exstitit
902 661 1075 703 Dignando
1100 661 1189 694 Deus
1215 661 1310 694 homo
1335 660 1383 701 fit,

206 711 252 744 Et
274 712 364 752 virgo
389 712 494 744 virum
519 710 665 743 nescivit.
900 709 947 744 Et
977 710 1112 743 verbum
1138 719 1209 742 cum
1234 712 1330 750 patre
1353 711 1474 743 manet.

612 767 699 799 Laus
732 767 845 809 honor,
871 768 983 800 virtus.

210 834 275 861 Pol.
306 834 342 861 62
362 842 387 861 a.
409 849 445 853 —
465 834 533 861 Den
555 833 674 869 Anfang
693 834 777 870 giebt
796 833 907 861 Daniel
927 833 951 860 Ι.
974 833 1028 861 257
1052 841 1105 861 aus
1128 832 1295 861 Cassander
1313 835 1402 861 unter
1423 832 1475 861 der

133 872 352 901 Ueberschrift:
381 872 495 907 Hymni
527 872 722 900 ecclesiastici
753 873 803 908 qui
829 873 862 899 in
891 872 1050 900 breviariis
1078 872 1191 899 saeculi
1223 872 1258 899 14
1280 874 1310 899 et
1332 873 1367 901 15
1389 880 1473 908 repe-

133 912 257 938 riuntur.
285 925 324 930 —-
353 912 403 942 10,
437 911 453 939 3
485 910 592 938 (Jurcer
613 917 765 938 cervorum
795 911 904 938 currite
923 909 993 944 Hs.‚
1024 909 1179 938 vielleicht
1198 912 1304 938 curtes.
1344 908 1471 945 „cm-tis,

135 949 241 983 curtis,
265 948 366 985 pullus
389 951 460 985 quia
480 950 512 976 in
534 951 613 976 corte
631 950 772 976 nutritur.
814 948 906 978 <Pulli
924 949 1052 976 masculi
1070 950 1172 976 vocati
1193 951 1288 977 cortes
1308 950 1402 976 trium
1422 956 1475 976 an-

134 989 281 1015 norum.>“
321 987 371 1015 Du
394 987 500 1024 Gange.
523 996 546 1015 s.
566 996 594 1014 v.
617 988 715 1015 cortis.
737 988 763 1015 5.
784 987 804 1014 l.

754 1081 837 1120 111.

552 1155 595 1187 De
616 1156 645 1187 S.
668 1155 811 1187 Johanne
833 1156 1046 1197 evangelista.

135 1228 167 1260 1.
206 1227 273 1259 Iste
300 1227 419 1259 electus
444 1226 606 1259 Johannes
831 1229 861 1261 5.
901 1227 956 1261 Ad
983 1236 1112 1260 crucem
1137 1231 1260 1262 tractus
1278 1230 1469 1270 redemptor

256 1275 411 1314 diligendi
435 1275 625 1317 promptior,
951 1284 1022 1308 esse
1045 1276 1158 1308 matris
1183 1276 1286 1309 filium

204 1323 391 1355 Advocatus
416 1323 450 1354 in
480 1330 623 1361 perenne
900 1323 990 1356 Dicit
1011 1324 1118 1366 istum,
1146 1334 1258 1357 rursus
1278 1326 1385 1366 ipsam

254 1370 401 1402 veritatis
427 1370 564 1410 gratiam
949 1380 1019 1403 esse
1042 1374 1179 1404 matrem
1203 1374 1374 1415 praecipit,

204 1416 267 1449 111(ἱ
291 1418 473 1450 mercedem
497 1426 672 1458 assumcnS,
902 1419 1007 1453 Carne
1029 1429 1122 1460 1111118,
1148 1421 1267 1461 spiritu
1292 1422 1377 1454 alter

253 1465 409 1506 quidquid
439 1465 549 1506 ambit,
576 1465 708 1501 obtinet.
947 1470 984 1499 ut
1007 1472 1177 1501 manerent
1200 1468 1270 1502 filii.

133 1525 165 1556 2.
203 1522 314 1555 Insula
337 1520 491 1556 Pathmos
516 1524 620 1555 teneri
829 1526 860 1558 6.
900 1524 1042 1559 Ultimae
1065 1529 1240 1566 praenotus
1265 1527 1366 1560 horae

251 1571 430 1612 imperante
454 1571 623 1612 promitur,
948 1573 1098 1606 scindere
1122 1577 1200 1607 tunc
1223 1576 1387 1616 praecipit

205 1617 368 1659 Conspicit
390 1619 460 1651 illic
482 1617 605 1651 refulsa
902 1621 1057 1654 Terream
1079 1620 1200 1654 fossam
1221 1623 1391 1664 ministris,

251 1667 382 1699 coelitus
407 1667 563 1707 mysteria
948 1678 1043 1709 quam
1067 1670 1198 1703 reclivis
1224 1671 1335 1713 inruit,

204 1714 248 1746 Et
273 1713 446 1756 profunda,
474 1723 556 1755 quae
580 1716 706 1748 notavit
899 1717 1017 1750 Mortis
1048 1721 1080 1750 et
1103 1719 1207 1751 vicem
1232 1720 1356 1759 quievit

249 1765 366 1803 mente,
392 1765 506 1795 narrat
530 1764 642 1798 ardua.
948 1767 1033 1798 omni
1059 1766 1171 1799 vivens
1197 1769 1336 1802 saeculo.

131 1822 162 1856 3,
200 1820 332 1860 Accipit
355 1819 418 1852 Dei
441 1824 610 1861 parentem
828 1825 858 1857 7.
896 1823 943 1855 Te
965 1832 1126 1864 rogamus,
1154 1827 1188 1857 te
1212 1834 1396 1869 precamur,

248 1869 282 1900 in
312 1868 377 1901 suis
402 1869 613 1910 praecordiis,
946 1875 1058 1904 sancte
1084 1872 1207 1905 Christi
1231 1876 1389 1915 apostole,

201 1916 247 1949 Ut
271 1916 418 1949 minister
448 1916 593 1950 veritatis
899 1920 992 1952 Tolle
1015 1923 1150 1963 pestem,
1178 1921 1271 1955 aufer
1295 1924 1387 1956 ulcus

248 1964 452 1997 administret
475 1965 604 2006 virgini,
948 1971 980 2000 et
1004 1967 1111 2001 foveto
1136 1970 1319 2012 languidos,

202 2011 290 2051 Quae
316 2013 409 2046 deum
435 2013 528 2046 enixa
554 2015 624 2047 sola
899 2016 991 2049 Pelle
1013 2016 1172 2060 morbum,
1200 2019 1301 2051 caede
1324 2020 1452 2053 hostem

248 2061 339 2101 virgo
364 2069 491 2102 semper
516 2063 653 2096 adstitit.
948 2067 980 2095 et
1003 2074 1134 2097 remove
1159 2067 1359 2103 scandalum.

128 2120 162 2153 4.
199 2119 267 2151 Iste
292 2127 391 2158 supra
414 2121 527 2159 pectus
552 2120 636 2153 illud
827 2123 859 2155 8.
900 2121 974 2154 Xon
999 2122 1115 2155 aduret
1140 2126 1262 2157 terram
1284 2125 1381 2167 ignis,

251 2166 439 2207 sempiterni
464 2168 593 2200 luminis
947 2178 1055 2202 aerem
1079 2179 1144 2203 non
1169 2173 1302 2213 sauciet,

202 2213 353 2255 Corporis
378 2225 438 2247 usu
463 2216 594 2248 reclinis
897 2217 972 2249 Non
1000 2217 1155 2251 refundat
1178 2220 1321 2262 ultionis,

248 2262 418 2295 hauriebat
438 2264 553 2297 intima
945 2263 1102 2309 tristem)
1135 2269 1258 2301 coelum
1283 2271 1442 2314 turbineS,

201 2309 351 2350 Spiritus,
379 2321 460 2351 quae
484 2312 651 2345 indicabat
898 2313 972 2345 Non
997 2315 1133 2347 reclinet
1158 2316 1193 2349 in
1218 2318 1346 2354 ruinam

248 2359 393 2391 veritatis
417 2362 555 2400 gutture.
946 2361 1056 2394 orbem
1081 2362 1133 2395 ira
1157 2363 1315 2401 funditus.
