1655 2624
685 77 728 83 .,
779 57 825 94 63
874 79 921 84 .-

771 153 827 194 74.

594 238 642 270 Ad
661 239 834 272 nocturnas
855 240 1000 279 hynmus.

131 319 162 352 1.
203 318 409 359 Praepotens
425 319 519 352 miles
531 320 768 360 cathodi-aeque
830 323 863 355 3.
902 320 984 354 Jura
1034 325 1112 353 tune
1158 319 1278 354 Christi
1327 320 1466 353 reboans

464 368 618 408 princeps
1066 368 1223 408 magistri,

202 414 368 448 Maximae
394 416 526 453 Romae,
555 415 684 448 domine
707 424 768 456 per
903 416 950 449 Ut
972 416 1051 448 satis
1081 416 1194 448 doctus
1227 417 1322 448 simul
1355 417 1465 449 ortho-

466 464 588 503 orbem,
1167 464 1267 497 doxus

203 512 301 544 Alme
336 511 476 555 Comen,
518 514 607 544 strue
646 511 769 553 templa
903 512 986 545 Fers
1020 512 1062 544 ad
1094 511 1178 544 hano
1208 530 1256 535 —
1289 530 1332 535 —
1359 511 1466 544 bravii

466 559 548 592 coeii
1167 567 1317 592 eoronam

303 607 423 641 Pervia
446 608 546 648 plebi.
1006 606 1062 639 Sat
1087 608 1272 647 pretiosam.

131 686 162 718 2.
202 688 302 724 Quem
352 685 461 717 minae
509 685 621 717 mortis
664 693 769 725 neque
832 685 865 717 4.
904 683 990 716 Hine
1002 684 1167 724 palatinus
1180 687 1272 724 potes
1287 692 1356 715 esse
1371 683 1464 715 divus

467 735 579 766 torvus
603 733 708 765 hostis
903 732 1013 773 Atque
1054 732 1202 765 eoelestis
1243 732 1348 764 socius
1383 731 1465 771 Pha-

203 781 337 813 Terruit
352 781 452 814 verbo
471 781 628 822 capulove
641 782 765 821 stricto,
1165 781 1281 821 langis‚

202 830 287 869 <Quin
314 833 412 871 eaput
436 838 564 862 sacrum
586 830 699 871 jugulo
718 828 767 860 di·
902 828 1000 861 Unde
1039 837 1099 861 nos
1139 837 1249 861 omnes
1290 828 1353 860 tibi
1388 830 1467 859 vota

468 880 574 910 catum
1166 876 1280 909 dantes

304 925 373 958 Das
399 926 596 959 violandum.
1004 924 1124 956 Annua
1148 924 1263 957 salves

415 1005 447 1036 5.
487 1003 588 1035 Omne
613 1010 673 1043 per
697 1004 824 1041 tempus
851 1000 953 1033 honor
976 1000 1052 1031 hino
1077 1002 1109 1032 et
1132 1001 1234 1032 virtus

484 1050 534 1082 Sit
558 1049 627 1082 Deo
653 1049 741 1090 patri
764 1048 943 1089 meritoque
967 1048 1047 1084 nati,

484 1098 627 1130 Flamini
650 1098 764 1136 virtus,
791 1097 895 1129 honor
918 1096 991 1136 ipse
1017 1095 1133 1137 dignus

582 1145 630 1178 Sit
648 1153 774 1186 quoque
797 1144 928 1176 mixtus.

208 1214 272 1243 Fol.
295 1213 327 1241 31
352 1214 381 1242 b.

771 1303 828 1343 75.

610 1389 658 1422 Ad
677 1397 829 1430 vesperas
847 1389 993 1429 hymnus.

132 1478 163 1511 1.
200 1475 385 1509 Psallamus
435 1473 575 1507 modulis
626 1471 769 1504 carmina
833 1472 866 1504 3.
901 1470 991 1503 Hine
1023 1470 1117 1510 jussu
1152 1468 1270 1502 rabido
1308 1468 1467 1509 principis

468 1521 615 1554 dulcibus
1166 1518 1258 1557 impii

205 1573 344 1614 Christo,
372 1580 464 1612 quem
492 1570 619 1611 superis
642 1571 768 1608 martyr
906 1566 1081 1600 Obstrusus
1106 1565 1223 1605 patriis
1250 1566 1342 1598 exsui
1361 1566 1393 1597 in
1412 1565 1468 1597 ab·

465 1619 500 1651 in
522 1618 650 1651 arcibus
1169 1614 1244 1647 ditis

203 1669 335 1702 Laudat
384 1671 416 1700 et
462 1667 594 1699 inclitus
634 1665 767 1707 praesul
905 1664 1004 1696 Lucis
1042 1661 1151 1695 fundit
1186 1671 1264 1703 opes
1301 1664 1338 1693 ut
1371 1661 1471 1700 jubar

468 1715 635 1748 Cornelius
1169 1711 1308 1744 emicans

277 1765 422 1798 Additus
449 1763 581 1796 summis
607 1763 761 1796 coetibus,
955 1760 1050 1793 Orbis
1075 1759 1141 1792 fine
1166 1759 1224 1792 sub
1250 1758 1374 1791 ultimo.

134 1844 165 1877 2.
208 1841 316 1875 Sacris
352 1839 486 1881 eloquiis
517 1840 571 1881 qui
597 1839 668 1873 fera
692 1849 768 1881 gen·
833 1840 865 1872 4.
906 1838 994 1877 Quae
1004 1837 1076 1870 laus
1092 1836 1166 1870 dum
1182 1836 1308 1869 canitur
1320 1836 1470 1869 Caesaris

468 1888 549 1920 tium
1192 1885 1333 1924 auribus,

205 1939 302 1971 Arois
333 1938 509 1971 Romuleae
533 1939 667 1978 pectora
693 1946 767 1969 con·
904 1935 986 1969 Post
998 1934 1062 1967 on's
1075 1934 1176 1967 laceri
1190 1932 1320 1966 torvida
1335 1932 1473 1966 verbera

470 1985 614 2026 domans,
905 1983 954 2018 Ut
992 1991 1118 2015 sacram
1156 1982 1268 2023 jugulo
1308 1981 1471 2022 praecipit,

206 2035 276 2068 Fun
283 2035 362 2067 dans
380 2034 533 2067 ecclesias
553 2034 652 2066 diruit
668 2033 768 2075 idola,
1169 2030 1309 2063 hostiam

281 2082 427 2116 Coelioae
451 2083 566 2124 plenus
591 2081 704 2123 gratia.
952 2080 1162 2113 Tradendam
1180 2087 1306 2120 quoque
1322 2077 1468 2112 caedere.

347 2162 378 2195 5.
418 2160 472 2194 Sic
498 2159 579 2193 coeh‘
603 2162 778 2200 penetrans
801 2159 887 2192 atria
911 2156 1048 2200 fulgida,

412 2209 550 2243 Victriei
576 2209 695 2241 renitet
718 2211 855 2249 perpete
876 2208 999 2247 laurea,

412 2258 564 2300 Regnans
595 2266 666 2290 cum
691 2257 840 2298 Domino‚
868 2257 922 2297 qui
947 2255 1033 2296 regit
1057 2253 1199 2295 aethera,

539 2307 578 2340 In
605 2309 720 2338 cuncta
744 2313 874 2346 semper
899 2304 1039 2338 saecula.

209 2373 274 2401 Fol.
295 2373 332 2401 32
354 2381 382 2401 a.
397 2388 435 2392 —
459 2373 485 2406 2,
506 2374 523 2401 4
547 2372 662 2401 Goelite
681 2372 737 2400 Hs.
755 2386 795 2391 -—-
817 2372 845 2406 3,
866 2371 882 2400 3
906 2373 937 2400 et.
954 2370 1044 2406 jubar
1063 2370 1120 2398 Hs.
