1655 2624
676 15 943 51 -152—

150 118 182 150 3.
221 116 277 150 Ad
301 118 335 148 te
360 116 501 148 clamant
524 114 583 147 filii
848 114 879 146 5.
919 111 1055 146 Pietatis
1081 110 1190 143 oeulos

269 163 361 197 Evae
380 163 493 196 matris
518 161 642 205 flentes,
967 159 1072 200 Super
1096 167 1155 191 nos
1180 158 1315 199 inclina,

222 211 331 245 Mater
355 211 425 244 veri
449 211 520 251 lilii,
919 209 1132 242 Peccatorum
1156 206 1278 239 loculos

270 259 410 300 Respice
434 262 605 300 gementes.
970 256 1104 289 Solvere
1128 253 1256 287 festina.

150 320 184 351 4.
224 316 439 357 Suspiramus,
465 316 616 357 genitrix,
849 315 882 348 6.
920 312 1077 346 Nostrum
1100 314 1247 345 monstra
1273 311 1464 353 praemium,

270 365 326 398 Ad
350 368 393 405 te,
417 364 600 404 salvatoris,
966 363 1122 395 Fructum
1146 360 1269 393 ventris
1293 359 1352 401 tui,

222 411 325 445 Nobis
354 415 391 445 ut
414 412 458 445 sis
483 412 628 452 adjutrix
919 410 1130 443 Benedictum
1155 408 1269 447 filium,

270 460 309 494 In
334 461 419 493 valle
441 460 574 493 laboris.
970 458 1037 498 Quo
1063 457 1222 498 possimus
1247 455 1322 490 frui.

539 520 570 552 7.
610 518 691 552 Cum
713 519 847 549 aeterno
871 516 1022 556 Domino,

658 565 683 598 Ο
706 565 857 606 clemens,
880 574 899 597 o
925 564 989 607 pia,

611 614 745 654 Absque
768 612 836 645 ullo
861 613 1009 652 termino,

659 661 685 694 Ο
713 660 817 693 dulcis
841 660 960 695 Maria.

230 728 279 756 W.
302 742 338 747 ω
359 727 517 756 Poetisahe
535 727 776 764 Umschreibung
796 727 848 754 des
869 725 959 754 Salve
979 727 1091 762 regina.

691 896 736 927 De
758 896 789 928 S.
810 895 937 928 Jacoho.

152 959 181 991 1.
224 957 298 991 Jam
325 959 432 990 cuncti
454 957 596 998 psallite,
848 959 881 991 3.
917 956 1036 988 Omnes
1059 955 1095 988 in
1119 956 1226 987 visere

222 1006 352 1039 Mentes
375 1006 515 1038 attollite
919 1004 968 1036 Te
991 1005 1162 1044 poscentes
1186 1011 1265 1035 vere

274 1053 389 1088 Gordis
420 1063 490 1085 eum
509 1053 623 1097 jubilo,
967 1052 1069 1092 Velis,
1096 1051 1241 1092 diligere.

224 1103 256 1134 A
278 1101 373 1134 malis
397 1101 533 1142 pergite,
918 1099 1084 1141 Bonarges
1115 1099 1234 1132 diceris

224 1150 279 1182 Ad
304 1149 467 1182 Christum
499 1150 617 1193 venite,
921 1147 1007 1180 Nate
1030 1147 1172 1180 Zebedei

273 1198 390 1230 Omnes
414 1206 474 1238 pro
501 1198 654 1230 clamate:
967 1196 1064 1229 Dona
1090 1204 1150 1228 nos
1174 1194 1323 1228 Domine.

153 1256 186 1288 2.
227 1254 308 1288 aare
332 1255 477 1295 apostole
849 1255 882 1287 4.
920 1253 1027 1285 Visita
1050 1262 1191 1294 propere

223 1302 404 1343 Fraterque
426 1301 567 1344 Domini,
922 1302 961 1335 In
986 1303 1122 1342 gemitus
1149 1301 1235 1333 vane

272 1350 341 1382 Nos
365 1359 425 1390 per
449 1353 505 1383 tua
528 1351 653 1391 merita,
970 1349 1039 1382 Nos
1065 1353 1120 1382 tuo
1145 1348 1288 1392 foedere,

223 1398 249 1431 O
276 1401 387 1430 sancte
411 1398 541 1440 jacobe,
924 1397 1043 1430 Sancte
1072 1396 1314 1440 Christophore‚

224 1447 278 1479 Da
301 1448 404 1478 tecum
431 1446 542 1480 vivere
921 1446 992 1479 Fac
1016 1454 1074 1478 nos
1099 1446 1134 1478 in
1159 1454 1259 1485 opere

272 1495 312 1527 In
337 1503 459 1527 summo
485 1494 625 1528 aethere.
970 1494 1009 1527 111
1040 1493 1168 1526 Christo
1197 1493 1317 1527 vivere.

231 1560 280 1588 W.
299 1575 338 1580 —-
359 1557 419 1588 Str.
449 1559 466 1587 2
489 1561 532 1588 ist
550 1560 595 1588 als
615 1556 656 1588 ΕΟ
676 1560 851 1589 bezeichnet
869 1559 932 1587 und
951 1558 1032 1587 steht
1050 1559 1200 1588 zwischen
1223 1561 1246 1595 1,
1270 1559 1285 1587 3
1307 1569 1336 1588 u.
1362 1560 1384 1593 1,
1406 1560 1434 1588 4.
1456 1574 1494 1579 -—

151 1597 313 1665 ἕξιῖηέξὲἒξξ
327 1599 439 1666 11318εέΕὸ
443 1599 516 1627 acob
538 1597 643 1627 treffen
662 1599 716 1627 auf
733 1599 820 1627 einen
839 1599 914 1635 Tag.
949 1597 1052 1626 Daher
1075 1597 1141 1626 ihre
1158 1597 1279 1636 hblufige
1297 1598 1496 1635 Vei-bindung

642 1788 687 1820 De
708 1796 839 1829 corpore
862 1787 990 1820 christi.

154 1860 188 1893 1.
224 1859 348 1892 Mundo
374 1860 461 1892 Deus
487 1868 572 1893 nunc
595 1859 725 1893 illustra
853 1861 885 1893 2.
924 1859 1137 1892 Auscultetur
1161 1859 1240 1892 Jesu
1266 1859 1389 1893 Christi

298 1907 410 1940 Robur
435 1907 513 1940 fidei
996 1908 1089 1941 Haec
1114 1907 1261 1950 traditio,

229 1962 454 1998 Comminuent
477 1965 565 2006 quod
590 1975 653 1998 uon
670 1965 794 1999 frustra
925 1965 1066 1999 Subdita
1089 1966 1134 1997 sit
1161 1965 1262 1998 verbo
1285 1965 1344 1997 isti

322 2013 396 2046 Hoc
420 2013 590 2046 Philistaei
998 2014 1110 2047 Omnis
1134 2013 1242 2046 natio:

226 2071 347 2104 Hostes
369 2071 419 2103 tui
443 2071 561 2114 gregis,
925 2071 988 2111 Qui
1010 2070 1187 2103 manducat
1210 2078 1339 2111 panem,

227 2119 442 2152 Damnatores
466 2119 547 2160 legis
926 2119 1049 2161 Legem
1071 2118 1197 2160 implet,
1223 2121 1333 2153 tamen

275 2167 341 2200 Per
364 2170 398 2199 te
421 2167 582 2200 traditae:
974 2168 1076 2200 Recto
1100 2166 1233 2199 tramite

228 2215 382 2255 Quotiens
405 2215 549 2248 feceritis
926 2215 989 2255 Qui
1014 2218 1047 2247 et
1070 2214 1156 2247 bibit
1178 2224 1314 2256 merum,

227 2263 275 2296 Et
298 2264 571 2297 manducaveritis
928 2263 1048 2296 cernet
1070 2263 1175 2297 Deum
1200 2273 1314 2297 verum

277 2311 335 2344 Fit
355 2313 417 2345 mis
438 2313 471 2345 in
497 2312 662 2345 memoria.
975 2312 1016 2344 In
1047 2312 1251 2346 coelestibus.
