1655 2624
697 86 962 122 -134—

148 187 180 220 6.
218 184 345 217 Motum
374 186 578 230 tempestatis
606 185 696 218 dirae

267 233 352 265 Dum
376 237 491 266 ventus
517 232 675 272 sufflaret,

218 280 415 322 Navigantes
441 282 583 314 clamant
607 281 698 321 mire,

269 328 315 362 Ut
340 330 409 369 quis
436 338 531 369 opem
557 330 661 367 daret,

219 376 292 409 Non
319 380 445 409 cessant
473 380 640 409 ventorum
664 376 744 417 irae,

220 423 283 456 Sed
311 425 403 457 navis
431 426 517 465 cepit
540 426 659 468 perire,

266 472 312 506 Ut
335 472 380 504 eis
407 477 554 514 apparet,

266 520 313 552 Et
332 523 460 553 rectore
485 524 584 553 caret.

217 578 256 610 111
280 578 342 610 hac
364 578 460 611 turba
484 579 532 611 sic
556 580 690 612 timente

265 625 323 657 Vir
351 635 434 658 unus
461 627 595 659 devotus

216 673 385 705 Nicolaum
407 675 463 714 pia
487 679 594 707 mente

262 721 406 760 Invocat,
437 726 473 754 ut
496 727 590 755 notus

217 769 328 809 Cedat,
357 773 524 810 cessatque
553 773 688 812 repente

146 580 163 611 *l

262 864 382 897 Tumor
405 866 444 897 fit
468 870 608 899 remotus

261 912 328 944 Iste
353 911 421 944 fere
448 916 542 946 totus.

142 973 156 1000 θ
214 971 243 1001 A
266 970 373 1002 nautis
398 980 500 1011 pavor
524 972 659 1013 recedit,
700 1003 703 1009 ,

260 1017 361 1050 Navis
386 1017 424 1050 fit
448 1027 570 1060 secura,

213 1064 331 1097 Sancto
356 1068 531 1106 tempestas
554 1068 665 1100 obedit

258 1113 336 1145 Plus
361 1122 425 1145 nou
451 1115 606 1156 nocitura,

212 1159 330 1192 Nullus
354 1161 449 1193 turbo
479 1171 594 1195 navem
616 1163 730 1203 laedit,

213 1207 322 1240 Timor
347 1207 439 1249 fugit,
473 1211 559 1242 salus
585 1211 681 1251 redit,

262 1255 315 1288 sie
338 1257 372 1288 in
398 1260 485 1289 sorte
512 1259 593 1291 dura

259 1303 320 1336 Est
346 1307 440 1344 pater
463 1306 517 1338 hic
543 1315 627 1341 cura.

877 188 907 219 9.
925 184 1067 218 Clericos
1094 185 1211 224 hospes
1237 184 1374 219 necabat

971 233 1054 265 Tres
1078 231 1215 265 trudens
1239 233 1283 265 ad
1307 233 1426 274 imum,

924 281 1044 321 Quibus
1070 280 1225 313 Nicolaus
1253 280 1354 313 dabat

970 329 1119 362 Solamen
1149 328 1301 368 opimum,

921 377 1004 410 Nam
1031 387 1051 409 a
1074 379 1179 409 morte
1202 376 1398 421 suscitabat,

921 425 993 458 Hoc
1016 425 1208 457 miraculum
1237 425 1397 458 laudabat

967 474 1013 506 Et
1037 474 1134 506 valde
1159 472 1334 505 sublimum

968 522 1077 555 Omnis
1102 522 1198 554 homo
1223 522 1373 562 primum.

848 581 902 614 10.
921 578 1121 612 Christianus
1147 577 1235 611 infra
1259 579 1382 620 lignum

967 627 1090 660 Clausit
1116 636 1170 660 aes
1196 627 1325 668 Judaei,

916 676 980 708 Per
1000 676 1220 716 „iuramentum
1246 676 1429 718 malignum

966 724 1050 764 Opes
1076 732 1205 756 sumens
1232 724 1272 765 ei,

914 772 1161 813 Injustitiaeque
1186 772 1312 813 signum

914 819 1009 851 Fecit
1031 821 1139 861 ipsum
1162 823 1268 852 morte
1294 821 1430 861 dignum.

965 867 1068 900 Causa
1093 868 1167 900 talis
1192 868 1241 900 rei

963 916 1073 948 Virtus
1100 924 1178 948 vera
1202 916 1275 948 Dei.

843 973 898 1006 11.
913 973 1015 1014 Opem
1040 976 1115 1006 tuae
1139 975 1248 1005 terrae
1272 974 1378 1007 tradis

959 1021 1140 1054 Removens
1168 1024 1331 1054 tormenta

911 1068 1021 1101 Famis
1047 1073 1144 1111 atque
1170 1070 1270 1102 durae
1296 1071 1412 1112 cladis⁷

959 1117 1099 1158 Propter
1124 1117 1279 1150 alimenta

909 1165 965 1197 Ad
988 1174 1098 1207 naves,
1126 1174 1144 1198 o
1168 1167 1311 1207 praesul,
1338 1168 1452 1209 vadis?

908 1213 1133 1254 Augmentatis
1158 1214 1241 1246 mire
1265 1214 1375 1248 bladis

959 1262 1059 1294 Plura
1083 1264 1160 1294 sunt
1182 1263 1316 1296 inventa

958 1309 1066 1342 Ordea
1092 1309 1263 1343 frumenta.

492 1364 547 1397 12.
589 1364 643 1397 Sic
669 1365 808 1397 cessavit
833 1366 942 1399 clades
967 1365 1038 1399 fere

635 1413 745 1446 Famis
771 1416 869 1454 atque
892 1415 1005 1454 pestis,

585 1461 712 1500 Omnes,
736 1461 821 1494 illud
843 1463 898 1502 qui
923 1463 1046 1503 videre,

629 1508 788 1542 Cordibus
811 1519 875 1542 non
899 1512 1031 1544 maestis

588 1556 739 1590 Gaudent
763 1557 961 1591 admirantes
990 1560 1031 1592 de
1055 1570 1092 1593 re

586 1605 700 1646 Tanta,
728 1606 778 1638 vir
805 1614 876 1638 cum
900 1608 1047 1648 muliere,

633 1654 697 1687 Pro
723 1656 790 1686 tam
814 1655 938 1695 magnis
964 1657 1063 1697 gestis

632 1701 696 1734 Est
716 1701 771 1734 hic
796 1705 829 1734 et
853 1703 933 1735 haee,
956 1705 1059 1738 testis.

216 1754 280 1782 Ful.
303 1756 338 1783 95
361 1763 387 1783 a.

778 1814 834 1855 16.

633 1891 713 1923 Item
734 1890 772 1923 de
791 1890 821 1923 S.
841 1891 979 1926 Nioolao.

136 1947 168 1978 1.
206 1945 377 1979 §ieolaum
401 1949 492 1982 mitia

256 1993 369 2027 Cordis
394 1996 529 2030 laudent
554 2000 632 2032 cleri

206 2041 328 2083 Magna
351 2052 422 2075 cum
447 2045 573 2079 laetitia

255 2090 430 2131 Menteque
454 2093 584 2135 sinceri,

255 2137 324 2170 Sibi
349 2142 461 2172 cantus
486 2142 568 2173 meri

254 2187 384 2219 Debent
409 2188 564 2230 exhiberi,

207 2233 341 2275 Cognita
365 2237 498 2269 servitia

204 2283 432 2323 Postponenclo
461 2286 542 2317 vitia

204 2329 313 2364 Donet
335 2333 476 2372 pueritia

254 2379 435 2421 Clerioique
460 2382 538 2415 reri.

832 1954 864 1985 2.
902 1955 998 1988 Hunc
1024 1957 1100 1989 <lum
1132 1958 1167 1991 in
1192 1959 1364 1993 cunabalis

954 2004 1099 2046 Contigit
1116 2005 1239 2050 jacere,

903 2052 934 2084 A
959 2054 1122 2086 mamillae
1147 2054 1278 2094 pabulis

955 2100 1069 2141 Coepit
1092 2103 1267 2144 abstinere,

954 2148 1025 2180 Nec
1049 2158 1085 2182 se
1110 2150 1205 2192 gulae
1230 2150 1304 2185 fere

955 2196 1067 2231 Voluit
1090 2198 1251 2239 praebere

904 2243 952 2277 Ut
975 2253 1074 2284 pecus
1099 2247 1134 2279 111
1160 2248 1308 2291 stabulis,

903 2291 975 2324 Neo
1000 2301 1072 2327 cum
1096 2296 1213 2328 mentis
1237 2297 1361 2332 tabulis

901 2340 992 2373 Falsi
1017 2343 1129 2376 mundi
1156 2342 1275 2378 fabulis

952 2389 1061 2422 Voluit
1086 2391 1231 2427 haerere.
