1655 2624
699 97 961 133 —126—

809 191 830 231 6

732 247 924 280 Purificatio.

157 302 188 333 1.
232 301 399 334 Castitatis
427 302 509 333 cella
880 302 910 334 8.
926 299 1067 332 Mortem
1091 298 1251 330 cruciatus

225 349 516 389 Fffiondescensque
540 350 658 390 pahna,
927 346 1099 388 Superavst
1125 355 1207 378 sune

224 399 306 437 Ave,
332 397 431 429 maris
457 397 563 433 stella,
926 395 987 435 Qui
1011 404 1070 435 pro
1096 394 1189 427 nobis
1215 397 1309 426 natu>l

224 444 288 476 Dei
310 447 415 476 mater
440 445 534 477 alma.
925 444 1016 476 Tulit
1041 451 1111 475 esse
1136 445 1219 475 tuus.

154 502 184 533 2.
224 502 314 534 Tuae
338 511 396 533 nos
421 502 453 533 in
480 501 572 542 pirgo
879 503 909 534 9.
924 501 1000 534 Sine
1024 501 1094 533 viro
1120 500 1218 541 paris,

225 549 360 581 Tutelae
386 548 542 589 conforta,
925 549 950 582 Ο
976 547 1117 581 fecunda
1141 548 1227 583 vitis.

222 598 331 637 Atque
357 606 485 636 semper
509 597 600 637 virgo
924 596 1024 637 Virgo
1051 596 1233 636 singularis,

223 645 318 678 Felix
344 645 424 676 coeli
448 648 554 685 porta.
923 645 1015 677 Inter
1040 652 1149 676 omnes
1173 643 1271 675 mitis.

153 703 184 735 3.
225 702 408 742 Concepisti
435 711 533 733 suave
855 702 909 734 10.
924 701 1021 733 Vitiis
1050 701 1190 741 pollutos

222 750 365 782 Verbum
392 758 462 781 cum
488 749 619 789 honore,
925 748 1162 789 Sordisbusque
1186 750 1304 789 vastos,

224 798 360 830 Sumens
382 797 466 829 illud
491 797 563 829 Ave
925 796 993 828 Nos
1021 797 1123 836 culpis
1149 796 1270 828 solutos

224 845 386 878 Gabrielis
408 853 474 877 ore.
926 843 1026 876 Mites
1053 842 1106 875 fac
1130 847 1162 875 et
1187 845 1301 874 castos.

150 904 182 935 4.
224 903 277 935 Ab
305 902 399 934 hoste
424 900 542 933 fallace
856 900 1068 934 11.Mentem
1092 909 1178 932 nunc
1203 900 1376 931 obscuram

223 950 274 983 Ne
297 951 464 982 vincamur
488 957 593 988 saeve,
926 948 1069 989 Tergens
1094 948 1181 987 pelle
1204 947 1318 987 lutum,

223 998 341 1030 Funda
365 1007 423 1030 nos
448 998 482 1029 in
507 1005 589 1037 pace
925 996 1034 1029 Vitam
1059 998 1192 1036 praesta
1218 1004 1343 1035 puram,

222 1048 354 1080 Mutaus
378 1054 494 1077 nomen
518 1045 618 1078 Evae.
926 1045 995 1076 Iter
1019 1053 1102 1084 para
1125 1046 1240 1077 tutum.

152 1105 184 1137 5.
223 1104 283 1143 Qui
309 1107 342 1135 tc
367 1103 485 1141 colunt,
514 1103 559 1134 eis
856 1102 911 1135 12.
927 1101 1014 1134 Sana
1038 1104 1152 1142 pectus
1178 1101 1300 1132 laesum

221 1153 259 1185 In
285 1152 427 1184 adventu
451 1151 539 1182 necis
926 1149 1040 1191 Sordc,
1067 1158 1130 1190 qua
1154 1153 1351 1191 torquemur,

223 1200 320 1233 Solve
343 1200 452 1232 vincla
478 1199 553 1240 reis,
925 1197 972 1230 Ut
997 1198 1146 1230 videntes
1172 1197 1282 1230 Jesum

225 1247 342 1282 Profer
369 1248 478 1279 lumen
506 1246 619 1280 caecis¹
927 1245 1061 1286 Semper
1087 1246 1306 1277 collaetemur.

153 1307 184 1339 6.
223 1306 328 1339 Nobis
353 1306 471 1338 bonum
499 1305 583 1336 velle
855 1305 912 1337 13.
927 1304 986 1342 Qui
1012 1303 1171 1335 destruxit
1196 1302 1260 1334 atri

223 1355 285 1394 I)a,
312 1354 423 1394 pravis
448 1354 588 1394 ignosce,
925 1351 1006 1384 Iuoci
1033 1351 1147 1383 duruna
1172 1359 1283 1393 pecus⁷

224 1402 315 1435 Mala
339 1405 453 1434 nostra
476 1401 573 1441 polle,
927 1399 976 1432 Sit
1000 1400 1071 1431 laus
1099 1399 1158 1431 deo
1182 1398 1281 1441 patri,

224 1451 316 1483 Bona
338 1452 453 1482 cuncta
477 1458 586 1490 posce.
928 1448 1057 1481 Summo
1085 1447 1211 1480 Christo
1244 1447 1352 1479 decus.

155 1510 184 1542 7.
223 1508 323 1548 lipud
348 1517 504 1539 sunnnuni
530 1510 667 1547 patrenn
855 1505 1059 1540 14.110nore
1083 1515 1142 1546 pro
1168 1507 1259 1537 tanto

225 1557 285 1596 Qui
312 1556 472 1589 destruxit
499 1564 621 1596 necem,
927 1554 1032 1587 Detur
1056 1555 1187 1586 laudum
1213 1562 1332 1585 munus

222 1605 371 1637 Monstra
395 1607 429 1636 te
454 1612 525 1636 esse
549 1606 696 1644 matrem,
928 1602 1065 1643 Spiritui
1090 1605 1213 1642 sancto,

226 1652 339 1685 Sumat
362 1661 422 1693 per
446 1654 479 1684 te
504 1661 644 1693 precem.
927 1651 1047 1683 Tribus
1072 1651 1176 1683 honor
1200 1659 1293 1682 uuu5.

234 1710 299 1738 Pol.
322 1710 359 1738 90
379 1710 408 1737 b.
430 1723 467 1728 —
490 1708 535 1743 13,
557 1710 574 1737 2
595 1711 699 1745 pectus
720 1708 775 1736 Hs.
796 1716 891 1745 gegen
912 1707 970 1735 den
994 1707 1091 1735 Reim.

645 1830 787 1863 Omnium
807 1830 1004 1863 Sanctorum.

154 1882 185 1914 1.
225 1883 373 1915 Omnium
399 1886 583 1915 sanctorum
855 1885 888 1917 2.
927 1883 991 1916 Est
1015 1892 1101 1916 nunc
1125 1883 1268 1915 melodia

272 1931 373 1962 Festa
397 1932 586 1974 recolamus,
975 1932 1080 1973 Super
1107 1931 1188 1964 coeli
1214 1931 1376 1970 thronum,

226 1978 374 2010 Puritate
398 1988 521 2011 morum
925 1979 991 2013 Ubi
1020 1980 1077 2013 dat
1100 1989 1164 2013 vox
1188 1980 1246 2020 pia

276 2025 336 2057 Pie
360 2026 555 2066 gaudeannus
974 2029 1061 2062 2<ovi
1087 2032 1199 2063 cantus
1228 2038 1353 2070 sonunu,

322 2073 430 2113 Atque
455 2074 653 2113 gratulemur
1022 2075 1199 2110 Bea'toruui
1224 2078 1314 2118 gregi

225 2120 289 2152 Per
317 2129 446 2152 carmen
472 2129 634 2160 canorum,
927 2125 1050 2159 Christi
1074 2135 1195 2166 parens
1223 2125 1277 2158 dia

274 2168 422 2200 Dulciter
447 2177 597 2200 canamus
975 2174 1079 2214 Hujus
1105 2175 1223 2215 psahnj
1247 2177 1361 2207 tonmn

224 2215 318 2249 Infra
342 2217 458 2248 mentis
483 2216 631 2248 chorum:
925 2222 1091 2254 Praeojnjt
1114 2222 1241 2256 Maria:

274 2265 331 2296 Τθ
355 2264 752 2305 Deunilaudamus,
972 2269 1205 2303 Eructavit
1253 2280 1323 2304 cor
1372 2281 1498 2305 ineum

324 2312 378 2345 Te
412 2312 622 2345 dominum
653 2311 792 2344 confi-
1116 2319 1289 2352 vel-bum
1323 2320 1499 2363 bonum,

487 2363 633 2393 temur-
1022 2365 1230 2408 Dicoego
1257 2377 1502 2409 opera1uea

1115 2415 1215 2455 regi
