1655 2624
204 149 259 184 11.
277 149 538 190 chrysoprassus
564 161 762 192 purpureum

273 198 427 231 Imitatur
453 200 634 242 concilium,

272 246 337 279 Est
361 246 569 280 intertinctus
598 249 706 281 dureis

274 295 422 335 Quodam
447 296 594 328 muscillo
617 297 734 337 jaculis

273 342 348 376 Hoc
374 346 424 375 est
447 343 596 384 perfecta
622 346 752 387 caritas,

275 391 377 431 Quam
401 392 498 425 nulla
522 393 639 424 sternit
662 391 786 428 feritas,

275 449 446 483 Jacinthus
473 451 523 481 est
548 450 715 482 caeruleus

274 498 392 531 Virore
416 498 641 542 medioximus,

277 546 375 586 Cujus
403 546 522 579 decora
546 544 647 578 facies

273 595 424 627 Mutatur
448 597 486 626 ut
508 594 693 638 temperies,

273 643 384 675 Vitam
415 642 524 683 signat
547 642 727 684 angelicam

271 691 479 724 Discretione
502 691 695 731 praeditam.

272 749 464 790 Ametystus
490 748 697 790 praecipuus,

271 797 400 830 Decore
429 797 603 837 violaceus,

272 845 440 878 Flammas
467 845 587 877 emittit
611 853 725 878 aureas

272 893 465 934 Nitelasque
488 901 681 936 purpureas,

272 942 464 976 Praetendit
489 950 545 973 cor
570 941 738 973 humilium

274 990 404 1023 Christo
432 989 717 1022 commorientium.

205 449 259 483 12.

201 748 257 784 13.

858 53 903 89 95
953 75 1000 80 —

905 152 961 186 14.
977 152 1022 184 Hi
1046 152 1183 192 pretiosi
1208 153 1335 192 lapides

977 198 1135 232 Carnales
1160 201 1289 241 signant
1312 200 1470 240 homines,

977 249 1130 282 Colorum
1156 252 1206 281 est
1229 249 1369 281 varietas

975 296 1140 328 Virtutum
1165 297 1400 339 multiplicitas,

977 344 1163 385 Quicunque
1187 345 1238 377 his
1264 343 1419 385 floruerit,

978 392 1125 426 Concivis
1151 402 1222 425 esse
1245 393 1377 434 poterit.

976 450 1156 483 Jerusalem
1180 449 1337 493 pacifera,

975 498 1068 531 Haec
1091 498 1152 531 tibi
1176 502 1251 531 sunt
1275 497 1476 538 fundamina,

976 547 1071 580 Felix
1098 548 1128 578 et
1150 547 1219 579 Deo
1246 548 1404 587 proxima,

977 594 1065 634 Quae
1089 597 1123 626 te
1145 599 1299 636 meretur,
1323 595 1440 634 anima,

976 640 1091 675 Custos
1115 646 1242 675 tuarum
1267 643 1402 675 turrium

974 691 1049 723 Non
1076 691 1195 723 dormit
1218 692 1252 722 in
1278 694 1482 732 perpetuum.

976 746 1125 781 Concede
1149 749 1253 789 nobis,
1280 749 1376 789 hagie

974 797 1045 829 Rex
1071 796 1211 829 civitatis
1238 797 1388 837 coelicae,

973 846 1053 878 Post
1078 853 1206 877 cursum
1226 845 1314 877 vitae
1337 845 1445 877 labilis

976 892 1179 926 Consortium
1205 902 1277 924 cum
1299 893 1435 936 superis,

973 942 1065 974 Inter
1089 942 1161 973 tuos
1186 941 1220 972 in
1246 941 1378 973 aethera

973 988 1069 1021 Nova
1094 991 1256 1020 cantemus
1281 989 1414 1023 musica.

905 451 961 484 15.

904 749 959 783 16.

275 1057 341 1085 Fol.
368 1056 401 1084 81
426 1056 453 1084 b.
483 1057 540 1083 mit
557 1055 644 1090 Mel.;
671 1055 748 1083 ohne
767 1053 939 1082 Aufschrift.
963 1070 999 1073 —
1019 1053 1111 1081 Mone
1132 1053 1196 1082 637.
1218 1068 1257 1074 —-
1281 1054 1342 1082 Das
1364 1055 1440 1082 Lied
1462 1054 1544 1082 steht

197 1095 274 1123 auch
296 1094 366 1123 Cod.
392 1095 602 1123 Gottwicensis
626 1093 681 1121 107
702 1102 781 1122 saec.
805 1094 841 1121 12
861 1093 919 1120 mit
934 1093 1078 1120 Neumen.
1100 1106 1107 1110 —

1161 1093 1209 1128 11,
1230 1093 1246 1121 6
1269 1094 1412 1121 sternitur
1425 1094 1480 1121 Hs.
1502 1108 1540 1113 —

200 1134 244 1169 14,
269 1135 282 1162 1
307 1134 340 1162 Si
361 1134 487 1169 pretiosi
507 1133 562 1160 Hs.
584 1147 620 1150 —
646 1131 690 1168 16,
711 1131 728 1161 6
750 1134 904 1160 cantamus
926 1131 982 1159 Hs.

829 1215 910 1256 134.

566 1293 608 1333 Hy
617 1301 705 1325 mnus
726 1292 830 1325 sancti
848 1290 999 1324 Antonini
1019 1291 1183 1331 Martyris.

268 1368 366 1401 Alme
393 1366 523 1400 dictatis
545 1368 717 1398 resonante
734 1365 835 1406 gratis

271 1416 430 1450 Canentes
445 1415 521 1447 audi
534 1414 699 1446 Antonine
711 1416 837 1454 martyr

270 1465 338 1505 Quo
363 1474 428 1498 vox
453 1465 487 1495 te
513 1463 613 1495 cassis
634 1462 786 1495 laudibus
805 1463 838 1494 et

533 1511 608 1543 altis

341 1561 500 1610 Personet
524 1559 637 1593 omniS.

267 1619 447 1660 Barginum
498 1625 628 1650 carmen
678 1617 837 1658 simulque

531 1674 662 1699 oramen

268 1716 373 1748 Tuum
395 1715 525 1756 piamen
548 1716 660 1747 notum
685 1723 745 1755 per
767 1722 835 1746 cer-

530 1766 639 1795 tamen

269 1812 386 1846 Prodit
403 1812 481 1845 hinc
495 1810 604 1843 famen
619 1809 720 1852 fitque
732 1809 836 1843 famu-

530 1860 638 1892 lamen

339 1909 477 1950 Hocque
503 1908 674 1941 dictamen.

267 1968 355 2003 Celsi
381 1967 512 2000 honoris
536 1966 648 2007 tuique
673 1966 791 1999 amoris

264 2018 353 2058 Ergo
377 2018 415 2049 ut
438 2016 538 2048 moris
558 2015 608 2047 his
627 2024 732 2048 annue
748 2015 835 2048 horis

266 2066 364 2108 Cyclo
392 2066 433 2098 de
455 2064 533 2097 solis
558 2063 795 2097 benedictionis

337 2114 464 2155 Jugiter
488 2113 593 2146 nobis.

262 2174 392 2207 Donum
431 2172 518 2213 quod
550 2172 662 2212 lingua
694 2171 834 2204 modulis

525 2219 716 2262 praecingat

263 2271 374 2312 Digito
383 2270 518 2311 pingant
529 2272 560 2301 et
569 2277 662 2303 musa
669 2268 836 2310 contingat

263 2319 433 2360 Rongique
445 2321 590 2359 pangant
599 2317 692 2350 varia
700 2326 835 2359 peroma

339 2366 466 2400 Canore
491 2369 628 2407 compta.

901 1365 931 1398 5.
970 1364 1114 1396 Exstant
1132 1363 1182 1397 bis
1196 1364 1265 1418 bini
1272 1363 1394 1418 *quibus
1409 1363 1540 1404 quintus

972 1460 1090 1500 Quinta
1095 1461 1182 1500 quod
1189 1415 1464 1493 fidliffllaterando
1470 1459 1544 1492 finit

970 1509 1096 1541 Mesem
1108 1509 1199 1542 nabli
1211 1509 1316 1541 tinula
1330 1508 1406 1541 dum
1420 1508 1541 1549 clangit

1041 1557 1106 1589 Per
1132 1556 1291 1598 diapasin.

898 1617 929 1650 6.
968 1615 1038 1648 Fac
1069 1615 1214 1648 derenixi
1238 1623 1364 1647 mecum
1389 1616 1541 1655 promant

1234 1661 1358 1696 Christi

970 1712 1106 1753 Jamque
1118 1712 1259 1745 ministri
1267 1712 1376 1752 magni
1386 1714 1418 1744 et
1426 1711 1540 1752 pusilli

970 1762 1056 1794 Sono
1088 1758 1200 1793 festivi
1226 1762 1359 1792 cantant
1381 1760 1539 1792 Antonini

1044 1808 1181 1843 Cantica
1207 1809 1322 1841 ciclum

971 1867 1108 1901 Generis
1141 1868 1238 1900 decus
1266 1869 1299 1899 et
1321 1866 1413 1898 usiae
1438 1873 1539 1907 genus

966 1916 1110 1949 Protulit
1134 1917 1203 1957 ejus
1226 1915 1401 1956 prosapiae
1422 1917 1537 1955 pectus

969 1964 1140 2006 Temporis
1165 1968 1293 2005 tempus
1319 1973 1381 2004 quo
1399 1963 1540 2005 gliscens

1230 2013 1369 2053 adeptus

1038 2061 1101 2094 Est
1124 2062 1236 2104 polum
1260 2062 1378 2095 laetus,

919 2144 927 2152 .
966 2121 1055 2155 Hinc
1089 2120 1239 2161 linquens
1274 2118 1413 2152 formam
1447 2117 1537 2151 diffe-

1229 2168 1331 2201 rendo
1355 2176 1501 2199 normam

966 2218 1022 2251 Ad
1070 2217 1161 2258 pium
1213 2217 1329 2257 dogma
1370 2215 1539 2256 qualitatis

1238 2266 1387 2297 constans

967 2313 1066 2347 Ruris
1081 2312 1238 2347 fecundas
1254 2313 1355 2346 dabas
1370 2315 1403 2345 et
1419 2313 1539 2345 aristas

1039 2361 1170 2395 Nubilis
1195 2362 1306 2395 micas.
