1655 2624
743 66 982 102 „39-

196 167 229 200 5.
268 165 294 198 Ο
320 164 463 205 gloriosa
487 164 617 205 femina,
820 186 826 195 -
900 166 929 198 7.
970 165 1019 197 Tu
1044 163 1130 205 regis
1158 164 1217 196 alti
1236 164 1337 204 Janua

266 213 409 246 Excelsa
433 221 531 254 super
556 213 674 252 sidera,
968 213 1013 245 Et
1037 214 1133 253 porta
1158 212 1240 244 lucis
1266 211 1400 253 fulgida.

268 261 328 300 Qui
352 263 386 293 te
411 262 535 294 creavit
559 261 706 302 provide.
969 260 1079 292 Vitam
1105 259 1215 293 datam
1242 269 1301 300 per
1325 259 1493 300 virginem,

266 308 386 342 Lactas
412 313 538 342 sacrato
565 310 674 342 ubere.
972 308 1092 341 Gentes
1118 309 1318 349 redemptae,
1344 308 1499 348 plaudite.

196 386 229 419 6.
268 386 362 424 Quod
385 385 458 419 Eva
482 387 585 418 tristis
612 386 756 426 abstulit,
897 386 928 418 8.
968 384 1057 424 Flos,
1086 383 1223 424 Christe,
1247 385 1344 417 decus
1361 384 1532 425 virginum,

268 433 319 465 Tu
342 433 454 466 redd'm
479 435 563 467 almo
589 434 741 475 germine,
968 432 1101 464 Florem
1126 434 1168 475 te,
1196 435 1307 465 natum
1331 433 1466 474 virgine.

268 481 396 513 Intrent
419 485 454 513 ut
480 485 569 514 astra
591 480 727 521 flebileS,
971 480 1039 512 Nos
1064 481 1216 520 precibus
1242 481 1395 522 virgineis

270 528 359 562 Coeli
384 527 529 562 fenestra
553 528 641 561 facta
667 537 710 561 es.
970 527 1067 559 Salve
1092 532 1263 567 precantes
1286 529 1416 569 jugiter.

643 607 674 639 9.
705 604 817 637 Gloria
841 603 912 645 tibi,
938 603 1086 636 Domine.

276 681 340 708 Fol.
363 681 380 710 8
408 689 434 708 a.
456 698 475 701 —
514 682 593 709 Dan.
616 681 639 709 Ι.
665 681 728 709 172.
757 680 847 708 Mone
868 679 934 708 419.
956 695 996 699 --
1018 682 1043 713 5,
1065 681 1083 707 4
1103 679 1199 708 Laeta
1220 681 1272 714 Hs,
1295 689 1309 708 s
1329 689 1366 708 zu
1388 688 1534 716 ergauzen

200 728 256 747 aus
277 722 404 748 sacrato.
425 735 462 740 ——
484 719 541 748 Str.
564 722 580 748 ὃ
601 719 661 747 fast
680 718 906 755 gleichzeitiger
924 718 1077 754 Nachtrag
1097 717 1196 747 hiuter
1218 719 1270 747 der
1289 719 1407 747 Doxolo
1432 720 1457 746 ἐ’

837 812 896 852 28.

612 889 751 928 Hymnus
771 889 806 921 in
826 888 930 929 prima
949 889 1114 919 nocturna.

199 959 231 993 1.
269 959 362 999 Quod
377 960 492 993 chorus
509 963 619 993 vatum
631 959 834 992 venerandus
898 961 930 993 3.
969 959 1069 998 Quem
1094 967 1193 991 senex
1215 960 1323 997 justus
1349 959 1479 991 Simeon
1498 959 1532 991 in

537 1008 614 1040 olim
1229 1008 1313 1039 uinis

272 1055 401 1097 Spiritu
420 1059 531 1088 sancto
550 1056 666 1088 cecinit
677 1055 832 1095 repletus,
969 1054 1007 1086 In
1019 1054 1112 1086 domo
1119 1055 1258 1095 sumpsit
1265 1054 1530 1098 dominigavisuS‚

269 1103 309 1135 In
325 1102 388 1135 Dei
403 1101 526 1136 factum
539 1103 694 1144 genitrice
708 1104 833 1134 constat
968 1101 1041 1134 Hoc
1050 1101 1135 1142 quod
1146 1103 1270 1142 optavit
1279 1102 1411 1143 proprio
1419 1102 1533 1134 videre

364 1150 449 1183 Esse
473 1152 590 1185 Maria.
1064 1149 1202 1182 Lumine
1229 1150 1399 1183 Christum.

197 1228 230 1261 2.
268 1227 359 1260 Haec
386 1227 481 1259 deum
503 1228 585 1260 coeli
603 1227 833 1267 dominumque
897 1228 927 1260 4.
964 1227 1014 1259 Tu
1038 1226 1142 1258 libens
1160 1228 1256 1267 votis,
1288 1228 1438 1268 petimus,
1456 1236 1531 1268 pre-

529 1279 637 1308 terrae
1231 1278 1369 1316 cantum,

266 1323 366 1364 Virgo
382 1324 530 1364 concepit
541 1324 732 1364 peperitque
743 1323 831 1364 virgo
967 1322 1064 1364 Regis
1091 1324 1216 1355 aeterni
1241 1324 1390 1366 genitriX,
1412 1322 1530 1363 faveto,

266 1371 376 1412 Atque
419 1375 495 1411 post
540 1375 669 1412 partum
713 1370 832 1403 meruit
969 1370 1066 1403 Clara
1078 1379 1159 1410 quae
1176 1372 1254 1403 celsi
1266 1372 1409 1403 renitens
1428 1373 1530 1412 olym-

527 1429 660 1453 manere
1228 1420 1263 1460 pi

362 1467 533 1501 Inviolata.
1060 1466 1175 1507 Regna
1201 1467 1322 1507 petisti.

434 1547 465 1578 5.
505 1544 556 1577 Sit:
580 1544 650 1577 Deo
675 1546 787 1576 nostro
814 1543 912 1576 decus
939 1545 972 1574 et
995 1545 1150 1584 potestas,

504 1593 554 1625 Sit
579 1593 666 1625 salus
692 1598 821 1632 perpes,
848 1591 892 1623 sit
915 1591 1019 1623 honor
1043 1592 1206 1634 perennis,

504 1641 565 1681 Qui
587 1641 656 1682 poli
682 1649 806 1673 summa
831 1639 952 1672 residet
977 1640 1010 1671 in
1036 1648 1122 1677 arce,

600 1689 720 1722 Trinus
746 1691 777 1720 et
803 1696 894 1722 unUS.

269 1754 333 1782 Pol.
355 1755 371 1782 8
395 1755 426 1783 b.
451 1774 487 1777 --
508 1756 586 1784 Dan.
607 1756 632 1783 Ι.
656 1756 724 1784 242.
747 1770 786 1774 —-
806 1756 833 1789 4,
856 1754 872 1782 3
895 1754 1037 1790 Olymphi
1057 1754 1113 1783 Hs.

831 1847 890 1889 29.

634 1926 715 1959 Item
737 1925 820 1957 alius
843 1924 881 1956 de
902 1923 932 1956 S.
953 1925 1085 1957 Mariae.

191 1999 224 2032 1.
260 1998 333 2031 Ave
356 1998 457 2031 maris
483 1998 589 2040 stella,
896 1999 927 2031 3.
967 1997 1065 2031 Solve
1089 1998 1198 2032 vincla
1222 1999 1297 2040 reis,

259 2046 323 2080 Dei
347 2049 454 2080 mater
479 2047 565 2081 alma
965 2046 1084 2080 Profer
1108 2047 1217 2080 lumen
1245 2048 1360 2089 caecis,

259 2097 368 2136 Atque
393 2104 523 2137 semper
545 2095 648 2137 virgo,
963 2095 1056 2128 Mala
1080 2099 1193 2129 nostra
1217 2097 1314 2138 pelle,

260 2144 356 2176 Felix
383 2144 466 2177 coeli
484 2147 590 2186 porta.
963 2144 1056 2177 Bona
1083 2149 1200 2178 cuncta
1223 2154 1330 2186 posce.

185 2223 220 2255 2.
257 2222 395 2258 Sumens
418 2222 503 2255 illud
525 2222 599 2255 Ave
891 2224 926 2259 4.
963 2222 1115 2255 Monstra
1140 2226 1174 2255 te
1200 2232 1270 2256 esse
1293 2225 1441 2263 matrem,

259 2269 422 2306 Gabrielis
449 2280 506 2304 ore
964 2271 1078 2304 Sumat
1104 2280 1165 2311 per
1185 2274 1219 2305 te
1244 2280 1383 2312 precem,

257 2319 375 2354 Funda
399 2328 458 2352 nos
482 2320 517 2352 in
542 2328 623 2361 pace
963 2318 1025 2359 Qui
1050 2328 1111 2360 pro
1136 2320 1231 2353 nobis
1260 2324 1355 2353 natus

258 2367 394 2402 Μηῒειῐιδ
419 2367 510 2402 Evae
533 2377 660 2401 nomen.
962 2368 1053 2401 Tulit
1078 2377 1150 2401 esse
1173 2372 1258 2405 tuus,
