1655 2624
748 80 991 117 -83-

584 183 615 213 t».
655 179 797 212 Decidat
826 180 982 213 delictum
1007 191 1111 224 omne,

708 228 923 270 subsequatur
952 231 1067 271 gratia,

655 275 837 309 Auferatur
862 277 958 318 culpa
981 281 1060 319 tota,

706 325 749 357 sit
774 325 888 358 salutis
915 326 1017 367 copia,

653 371 726 405 Sint
750 376 895 405 remotae
921 377 1056 406 cunctae
1081 373 1225 416 fraudes,

704 424 860 463 augeatur
882 421 1036 455 charitas.

670 487 784 521 Gloria
812 489 856 521 sit
878 488 949 521 Deo
974 490 1072 529 patri.

272 562 337 591 Fol.
363 562 400 590 63
422 571 448 591 a.
471 579 509 584 —
534 564 556 598 1,
579 564 595 590 5
613 571 740 591 mercem
753 564 809 592 Hs.
830 579 870 585 -—
891 565 918 595 3.
944 566 953 592 1
973 567 1097 598 parente
1111 564 1167 592 Hs.
1187 580 1227 585 —
1246 567 1273 600 4,
1297 566 1313 594 3
1328 575 1416 595 ustun
1428 566 1483 594 Hs.
1499 581 1536 585 —

194 602 224 635 5,
257 601 274 630 3
302 601 369 637 ipse
397 610 462 629 esse
481 603 586 630 matris
606 602 661 629 Hs.
684 616 721 620 —
745 603 778 637 6,
806 605 825 632 4
851 603 973 630 reclinis
994 604 1049 631 Hs.
1072 618 1107 622 —-
1130 603 1160 636 8,
1191 603 1207 631 6
1237 604 1403 633 infunditus
1423 606 1478 633 Hs.
1499 622 1523 626 —

193 642 219 674 9,
238 638 256 669 5
278 639 326 668 Sit
345 642 462 668 remota
477 643 584 668 cuncta
605 640 708 668 laudes
723 640 779 669 Hs.
800 656 840 660 -—
860 639 918 668 Str.
936 642 948 669 1
966 642 1013 669 bis
1026 643 1042 668 7
1060 641 1157 670 dieses
1173 642 1387 671 unbekannten
1400 644 1537 678 Hymnus

189 679 262 707 fancl
284 677 334 706 ich
357 679 467 707 bereits
488 680 521 706 in
543 680 609 708 clem
623 679 710 707 BreV.
728 679 973 708 Coelestinorum.
1007 680 1137 717 Neapoli
1160 681 1232 709 1488
1253 681 1359 709 dessen
1373 683 1516 710 Variante
1529 692 1538 709 1

191 717 259 745 hier
279 717 397 753 folgen:
434 719 462 752 1,
486 719 502 745 5
527 717 692 746 mercedem
713 727 832 747 sumens
854 719 973 746 amoris.
998 733 1031 738 —
1056 720 1082 754 3,
1105 720 1121 748 6
1146 720 1261 747 exstitit
1291 735 1327 739 —-
1349 722 1375 756 4,
1401 721 1419 749 2
1441 722 1538 748 numi—

193 758 250 784 nis.
273 770 309 775 —-
331 757 359 787 4,
382 756 398 784 5
420 755 595 793 Spirituque
614 756 786 793 indagabat.
808 772 845 777 —
869 756 894 790 6,
918 758 933 785 5
956 758 1049 785 Morti
1070 760 1101 786 et
1117 759 1199 786 vitae
1220 760 1342 794 quievit.

541 935 711 968 Dominicis
733 936 841 969 (liebus
862 936 897 968 in
914 936 1176 979 Quadragesima.

190 1008 222 1042 1.
261 1008 314 1040 Ex
339 1016 430 1039 more
456 1008 544 1040 docti
568 1008 705 1048 mystico
893 1010 925 1043 5.
963 1008 1117 1040 Dicamus
1143 1016 1219 1048 ergo
1246 1010 1357 1041 cernui

261 1057 434 1090 Servemus
459 1065 498 1088 en
520 1056 679 1097 jejunium
964 1056 1145 1089 Clamemus
1168 1058 1265 1096 atque
1289 1057 1418 1098 singuli,

259 1104 353 1137 Deno
384 1104 510 1136 dierum
536 1104 656 1136 circulo
961 1105 1130 1137 Ploremus
1157 1106 1232 1136 ante
1252 1105 1406 1147 judicem,

259 1152 366 1185 Ducto
398 1155 514 1193 quater
534 1151 711 1185 notissimo.
962 1152 1149 1185 Flectamus
1173 1152 1256 1184 iram
1281 1154 1453 1186 vindicem.

188 1212 218 1244 2.
259 1210 328 1242 Lex
354 1212 384 1242 et
409 1210 590 1251 prophetae
614 1210 765 1250 primitus
890 1211 921 1243 6.
960 1210 1090 1242 Nostris
1114 1210 1207 1243 malis
1235 1210 1426 1244 offendimus

257 1259 332 1291 Hoc
354 1259 599 1298 praetulerunt,
625 1259 831 1298 postmodum
960 1258 1074 1298 Tuam,
1100 1259 1201 1299 Deus,
1229 1259 1444 1298 clementiam,

261 1306 408 1340 Christus
434 1307 586 1347 sacravit,
613 1307 754 1339 omnium
960 1306 1102 1339 Effunde
1127 1306 1221 1339 nobis
1248 1307 1397 1349 desuper,

258 1355 331 1388 Rex
359 1357 456 1395 atque
481 1353 587 1388 factor
611 1357 803 1396 temporum.
959 1354 1134 1398 Remissor‚
1166 1354 1411 1397 indulgentiam.

187 1415 219 1447 3.
258 1413 397 1446 Utamur
422 1421 497 1453 ergo
523 1412 654 1453 parcius
889 1414 921 1446 7.
957 1413 1133 1453 Memento,
1166 1413 1251 1452 quod
1278 1423 1387 1446 sumus
1413 1414 1460 1446 tui

257 1460 376 1495 Verbis
403 1461 484 1493 cibis
510 1464 543 1493 et
566 1461 708 1502 potibus,
957 1461 1054 1494 Licet
1079 1460 1193 1493 caduci
1219 1460 1398 1503 plasmatis,

257 1509 386 1550 Somno,
410 1509 493 1550 jocis
520 1513 553 1542 et
577 1509 699 1541 arctius
957 1509 1010 1541 Ne
1036 1510 1092 1542 (les
1118 1510 1274 1542 honorem
1299 1510 1437 1543 nominis

258 1559 443 1592 Perstemus
468 1558 503 1590 in
529 1557 685 1592 custodia.
959 1557 1032 1599 Tui,
1060 1566 1241 1598 precamur,
1268 1559 1373 1593 alteri.

185 1619 217 1650 4.
257 1616 402 1649 Vitemus
428 1618 535 1648 autem
559 1615 712 1656 pessima,
887 1615 920 1650 8.
958 1615 1049 1648 Laxa
1073 1617 1204 1655 malum,
1236 1617 1322 1656 quod
1348 1616 1494 1661 fecimus,

257 1667 345 1704 Quae
378 1664 537 1696 subruunt
565 1666 689 1696 mentes
714 1674 823 1706 vagas,
955 1664 1049 1705 Auge
1074 1664 1213 1704 bonum,
1247 1666 1333 1705 quod
1356 1666 1511 1707 poscimus

255 1712 451 1753 Nullumque
478 1713 589 1745 demus
617 1712 728 1745 callidi
957 1713 1094 1746 Placere
1120 1712 1206 1754 quod
1231 1714 1363 1746 tandem
1389 1714 1450 1746 tibi

252 1761 366 1795 Hostis
391 1761 498 1793 locum
522 1761 700 1802 tyrannidi.
955 1761 1120 1793 Possiinus
1145 1760 1200 1792 hic
1225 1765 1256 1793 et
1278 1764 1451 1803 perpetim.

605 1830 635 1863 9.
662 1829 809 1873 Praesta,
835 1830 934 1862 beata
959 1829 1100 1862 trinitas.

256 1904 322 1933 Fol.
344 1904 380 1933 63
402 1905 430 1933 b.
453 1922 491 1925 —
510 1905 588 1933 Dan.
610 1905 634 1932 I.
656 1905 709 1938 963
736 1906 827 1934 Mone
848 1905 894 1934 73.
916 1920 951 1925 —
978 1907 1008 1941 1,
1037 1905 1054 1933 2
1081 1905 1143 1934 und
1164 1904 1181 1933 3
1201 1904 1316 1941 jejunio
1341 1905 1457 1941 denum,
1479 1906 1530 1935 die

179 1943 348 1981 Emlungeu
372 1944 568 1973 verweehselt
587 1943 643 1971 Hs.

808 2028 890 2070 113.

647 2116 682 2148 In
702 2116 872 2149 matutinis
892 2115 1053 2150 laudibus.

176 2200 209 2233 1.
235 2200 342 2232 Aures
355 2198 399 2231 ad
413 2201 542 2231 nostras
554 2198 685 2231 deitatis
694 2208 819 2240 preces,
882 2200 914 2231 2.
941 2198 1082 2240 Respice
1145 2199 1285 2231 clemens
1347 2198 1428 2231 solio
1487 2197 1530 2230 de

235 2248 335 2288 Deus,
360 2247 484 2280 inclina
507 2248 631 2288 pietate
653 2248 724 2280 sola
1211 2249 1323 2280 sancto

236 2295 427 2338 Supplicum
459 2298 537 2329 vota
561 2295 708 2338 suscipe,
743 2305 818 2338 pre·
939 2296 1040 2329 Vultu
1059 2305 1184 2337 serenO,
1204 2296 1376 2336 lampadas
1393 2295 1529 2328 illustra

510 2354 630 2383 camur,
938 2345 1076 2378 Lumine
1101 2349 1167 2385 tuo,
1191 2345 1344 2378 tenebras
1373 2344 1502 2386 depelle

319 2393 449 2426 Famuli
474 2394 532 2429 tui.
1021 2395 1160 2428 Pectore
1186 2396 1309 2429 nostro,

1304 2450 1350 2481 6*
