1655 2624
668 48 907 84 -96-

138 148 227 182 9.](1
251 146 403 188 figuratas
430 146 647 179 consecr-ande
672 145 750 178 offas

182 194 360 229 Efficiebat
384 194 523 236 genitrix
547 196 584 226 ut
603 193 692 226 foeta

184 243 297 276 Gnatis
321 252 430 283 papua
447 251 545 282 osque
560 242 749 284 porrigebat

253 291 355 324 Lacte
378 289 526 324 refertas.

110 354 167 387 10.
182 353 303 387 Kalata
327 351 392 384 fari
415 352 610 392 prohibebat
634 351 703 385 fani

181 401 294 433 Rictus
323 400 434 432 vesani
461 400 658 440 delubraque
681 398 748 441 fagi

180 448 233 481 Ne
256 446 385 488 profani
411 449 514 480 cultus
539 448 669 488 adpiari

251 496 365 529 Posset
389 497 503 528 inanis.

110 558 165 592 11.
180 558 294 591 Letale
318 558 407 590 ulcus
434 558 519 598 quod
546 556 670 591 confert
690 567 746 598 pe-

182 655 271 687 Taxo
287 654 410 686 hiulcus
423 607 637 694 nfflzffatque
646 655 745 687 tultus

180 702 320 735 Virtutis
334 702 424 734 nultu
439 704 470 733 et
481 700 585 745 ro[re]
596 701 746 742 perfusus

255 749 382 782 Coelica
406 751 549 783 multum.

109 813 165 845 12.
180 812 335 845 Mirmida
358 812 471 843 cohors
494 811 528 844 in
549 813 653 846 livore
670 822 744 846 con-

438 868 510 891 cors

180 906 359 948 Captatque
384 910 415 939 et
440 916 514 940 mox
527 908 656 949 jugulat,
673 917 743 941 cru-

179 1002 267 1034 Ense
302 958 677 1044 profundzntclympharis
710 1005 744 1037 in

439 1054 532 1083 antro

249 1096 465 1141 Projiciendo.

109 1159 164 1194 13.
180 1159 252 1191 Nex
285 1161 352 1192 ovis
388 1169 481 1193 sacra
517 1161 585 1194 vita
621 1165 747 1195 constat

439 1209 549 1249 ampla

179 1254 247 1294 Qua
271 1258 417 1296 praestat
441 1256 525 1289 altas
546 1257 743 1298 martyribus

175 1350 258 1390 Quas
314 1305 611 1393 diademZfflasstipat
658 1354 743 1386 celsa

435 1400 555 1441 adepta

249 1446 363 1479 Carnis
390 1447 556 1480 emblema.

109 1503 163 1536 14.
180 1503 290 1536 Oritur
300 1512 378 1537 sane
391 1507 463 1544 tyro
478 1505 638 1545 quondam
649 1515 744 1538 mane

177 1551 251 1583 Poli
282 1561 342 1592 per
374 1561 467 1585 axem
494 1554 608 1586 ductus
635 1554 676 1585 ad
701 1555 742 1586 ti-

435 1603 542 1633 tanem

177 1646 274 1687 Cujus
310 1646 439 1681 fervore
473 1657 622 1690 magnum
661 1649 745 1682 calet

436 1705 526 1729 mare

247 1743 301 1777 Ad
326 1743 412 1777 vitae
436 1744 531 1778 lares.

106 1802 160 1837 15.
174 1801 301 1833 Petitur
339 1802 470 1834 summis
504 1803 633 1835 coelicis
671 1813 743 1836 cum

434 1851 538 1883 trinus

175 1897 267 1930 Bona
279 1898 407 1938 Olympi
426 1899 504 1931 odas
518 1898 619 1932 boans
630 1900 743 1941 hymni

175 1945 317 1978 Aeterno
347 1947 416 1986 regi
441 1949 553 1980 tenens
579 1952 742 1988 sceptrum

436 1995 527 2035 regni

247 2039 325 2073 Jure
349 2043 493 2081 perenni.

107 2098 161 2132 16.
176 2097 372 2137 Quaesumus
399 2100 506 2131 cuncti
530 2098 643 2133 famuli
666 2109 741 2141 per-

436 2148 517 2179 culsi

176 2194 255 2228 Telo
281 2194 414 2236 maligni
438 2195 560 2228 loribus
585 2197 695 2229 innexi

176 2241 281 2277 Corde
323 2244 504 2284 compuncti
546 2253 744 2287 corporeque

434 2290 512 2325 fessi

245 2339 375 2373 Visibus
406 2341 503 2374 caeci.

811 146 865 180 17.
880 145 997 178 Redde
1037 145 1174 177 salutem
1221 147 1252 177 et
1294 143 1451 177 luminum

1140 193 1246 225 lucem

878 241 1032 274 Habenas
1074 241 1163 274 solve
1207 241 1376 273 criminum
1419 242 1452 273 et

1141 289 1250 322 hostes

881 336 1062 378 Comprime
1111 335 1212 370 fortes
1262 337 1450 378 viribusque

1141 394 1250 418 omnes

950 433 1049 466 Dilue
1072 435 1196 467 sordes.

808 502 863 535 18.
879 500 973 533 Sitim
990 501 1158 541 exstingue
1174 500 1288 533 latices
1302 509 1448 542 prorum-

1139 558 1219 589 pens

879 596 1019 638 Sophiae
1044 595 1134 629 fonte
1158 606 1220 638 quo
1246 596 1345 630 simus
1371 606 1447 638 pru—

1141 646 1253 678 dentes

878 693 940 732 Qui
988 692 1066 726 olim
1114 693 1242 726 dulcem
1283 693 1451 733 protulisti

1138 740 1262 775 fontem

949 789 1021 822 Imo
1047 789 1087 822 ab
1114 798 1202 823 arvo.

805 856 861 889 19.
877 854 970 888 Tolle
992 857 1164 898 languores
1188 856 1306 889 mentis
1331 859 1363 889 et
1391 858 1451 890 do—

1138 904 1223 937 lores

875 949 979 983 Aufer
1004 949 1131 984 furores
1153 955 1185 984 et
1203 952 1328 993 corrige
1340 962 1448 987 mores

875 1001 969 1039 Auge
993 1000 1130 1032 honores
1147 1009 1298 1033 amovens
1316 1002 1448 1035 timores

946 1048 995 1081 Ut
1019 1050 1052 1079 te
1075 1051 1240 1088 pastorem

804 1115 861 1148 20.
876 1114 970 1148 Vasti
985 1122 1044 1155 per
1061 1113 1150 1147 orbis
1164 1116 1340 1149 sentiamus
1355 1117 1448 1150 nobis

876 1162 989 1203 Spatia
1012 1163 1103 1203 pacis
1129 1163 1279 1197 habendo
1301 1165 1334 1197 in
1354 1166 1447 1198 annis

874 1210 1036 1250 Tempora
1063 1211 1185 1243 nostris
1210 1213 1326 1252 procul
1351 1214 1449 1253 pulsa

1135 1260 1239 1292 noctis

944 1305 1133 1347 Umbraque
1156 1308 1280 1341 mortis.

802 1372 858 1405 21.
874 1372 982 1405 Xenia
1003 1373 1092 1405 vitae
1116 1375 1306 1408 canentibus
1324 1377 1448 1417 praebe

873 1420 916 1453 Et
955 1422 1075 1454 calcem
1118 1421 1211 1455 differ
1248 1425 1445 1457 transeuntis

1134 1470 1249 1511 glebae

874 1515 925 1548 Ne
979 1517 1075 1550 chaos
1126 1518 1260 1551 horrens
1311 1520 1444 1553 veniens

1135 1570 1269 1607 repente

947 1612 1070 1647 Perdat
1093 1615 1258 1647 latentem.

803 1680 857 1712 22.
874 1679 1014 1713 Ymnum
1046 1690 1131 1714 nunc
1156 1691 1246 1714 sume
1270 1681 1351 1715 felix
1376 1683 1445 1716 An-

1136 1730 1246 1763 tonine

873 1775 972 1815 Quem
1009 1786 1066 1810 ore
1102 1778 1161 1810 tibi
1199 1779 1292 1819 plebs
1328 1780 1447 1813 devota

1133 1828 1255 1867 promit

873 1872 934 1912 Qui
957 1872 1027 1907 Deo
1052 1875 1113 1907 soli
1139 1884 1269 1916 semper
1292 1876 1446 1916 placuisti

948 1921 1117 1963 Respuens
1141 1924 1223 1956 aevi.

804 1989 859 2022 23.
875 1988 988 2022 Zelum
1020 1998 1059 2022 ac
1084 1988 1206 2024 factum
1229 1991 1349 2024 labetis
1374 1992 1444 2033 pia-

874 2084 996 2123 Quibus
1046 2089 1079 2118 et.
1126 2038 1258 2126 Ῑῗὲζιιῗὲῐῃ
1302 2088 1446 2130 gignitur

1133 2143 1271 2175 opacum

872 2179 976 2212 Posce
999 2181 1130 2215 beatum
1153 2184 1301 2223 paradisi
1317 2187 1445 2226 gratum

945 2228 1071 2271 'ruique
1094 2231 1211 2265 locum.

992 2342 1011 2363 ³¹1<
1233 2345 1252 2367 >1<

1111 2371 1131 2392 ss
