1655 2624
191 159 252 193 24.
266 159 358 192 Haec
393 160 463 192 dies
487 157 608 192 festum
630 163 722 193 tuum
749 162 843 193 canat

533 209 654 241 celsum

266 254 334 294 Quo
367 258 502 288 currunt
526 256 569 289 ad
593 259 627 289 te
653 254 843 289 catervatim

534 314 644 337 omnes

265 351 313 384 Te
333 350 518 393 flagitantes
536 362 629 385 senes
649 355 683 385 et
699 351 842 385 infantes

340 400 497 433 Prooeres
528 403 634 441 atque.

195 458 253 492 25.
269 457 434 498 Sanguine
452 456 524 490 fuso
539 457 660 490 Christi
676 457 841 499 triumpho

265 506 395 538 Rutilas
421 506 542 538 mundo
569 507 703 538 coelitus
727 506 842 538 emisso

265 553 406 586 Munere
429 553 483 595 pio
506 554 672 586 laureatus
698 556 785 587 serto

339 602 413 635 Jam
436 601 598 636 aethereO.

194 660 250 693 26.
267 660 332 693 Ora
389 668 449 701 pro
507 660 628 692 nostris
676 661 842 700 precando

532 706 700 750 [of]fensis

268 756 316 789 Ut
342 755 508 789 emundati
533 756 669 790 maculis
695 757 823 797 peccati

266 804 426 844 Queamus
450 808 528 837 vota
552 813 707 837 resonare
730 807 842 838 nostra

338 853 428 885 Voce
452 861 579 885 sonora.

194 912 252 944 27.
269 911 316 943 Te
378 910 492 943 laudat
549 911 666 943 Petrus
726 909 840 952 rhyth-

481 958 638 991 minizans
663 959 768 991 laetus

266 1007 365 1039 Malis
389 1004 538 1039 adfectus
566 1009 598 1038 et
613 1007 725 1039 dolore
748 1015 839 1047 pres-

265 1102 438 1144 Languore
464 1063 584 1134 fessilgS
593 1102 765 1143 patriaque
784 1110 839 1133 ex-

340 1199 476 1232 Omnino
501 1150 653 1231 insolblstus.

195 1256 251 1289 28.
267 1256 419 1289 Moerore
441 1256 535 1288 datus
553 1256 675 1288 honore
692 1255 839 1296 privatus

266 1305 433 1338 Lamentis
475 1313 591 1336 raucus
631 1302 762 1336 fletibus
808 1304 840 1334 et

531 1354 645 1384 auctus

268 1400 325 1433 Sat
364 1400 608 1442 blasphematus
643 1403 675 1432 et
708 1399 838 1441 probris

529 1449 668 1481 vallatus

340 1498 401 1530 His
428 1496 528 1531 eorde
552 1499 667 1529 tactus.

197 1556 253 1588 29.
266 1554 358 1596 Rogo
372 1557 407 1586 te
421 1557 534 1587 sancte
541 1558 668 1595 martyr
675 1553 840 1587 Antonine

268 1604 378 1636 Meum
420 1603 592 1635 intendens
634 1603 732 1635 hodie
773 1602 837 1635 ola-

530 1659 653 1683 morem

270 1698 391 1733 Confer
403 1700 557 1732 honorem
571 1702 603 1731 et
620 1699 838 1740 episcopalem

341 1747 394 1780 Da
422 1747 502 1780 mihi
527 1748 646 1780 sedem.

903 159 960 192 30.
974 158 1125 198 Quamvis
1156 156 1309 197 indignus
1340 157 1402 189 sim
1429 161 1461 189 et
1484 156 1546 188 im-

1237 204 1361 245 peritus

974 254 1097 287 Tamen
1120 251 1257 286 confisus
1274 254 1403 293 postulo
1421 253 1545 294 asylum

974 302 1143 343 'suumque
1155 301 1244 341 pium
1253 301 1356 333 redde
1364 302 1546 334 redivivum

1047 351 1166 383 Animo
1192 349 1322 382 victum.

903 409 958 442 31.
972 408 1105 441 Exaudi
1140 415 1278 447 namque
1315 407 1358 440 ad
1396 410 1430 440 te
1468 416 1543 449 pro-

1237 455 1413 490 clamantes

972 503 1092 536 Dando
1122 511 1276 544 juvamen
1310 504 1453 537 divinum
1485 512 1546 544 per

1236 560 1329 584 omne

974 599 1027 632 En
1053 603 1086 632 et
1109 599 1251 632 solamen
1279 608 1354 640 ergo
1375 602 1450 640 peto
1467 600 1545 632 item

1046 648 1178 688 Martyr
1201 648 1317 688 opime.

902 706 958 740 32.
972 704 1042 738 Fac
1059 709 1095 738 ut
1108 708 1256 739 aeternas
1271 705 1410 738 evadere
1421 714 1543 746 poenas

973 754 1094 794 Queam
1117 763 1178 795 pro
1202 756 1258 785 tua
1282 762 1380 794 prece
1404 754 1545 795 gloriosa

971 802 1018 835 Et
1062 802 1183 835 nostris
1227 801 1312 834 dona
1353 802 1542 843 parentibus

1233 849 1335 882 vitam

1045 898 1092 930 Et
1117 900 1233 930 cuncta
1256 897 1352 931 bona.

901 956 956 989 33.
972 955 1079 987 Decus
1121 956 1287 995 honorque
1328 956 1372 987 sit
1414 956 1542 989 domino

1236 1012 1361 1043 quoque

972 1051 1033 1090 Qui
1057 1050 1216 1085 Antonini
1240 1051 1364 1083 meritis
1389 1061 1448 1084 nos
1469 1049 1544 1084 fove

970 1099 1132 1132 Donando
1178 1107 1293 1138 pacem
1344 1102 1378 1131 et
1422 1099 1542 1141 vigoris

1234 1156 1343 1179 arcem

1043 1195 1142 1227 Nune
1166 1198 1264 1236 atque
1288 1204 1427 1237 semper.

900 1253 955 1286 34.
972 1252 1023 1285 Sit
1046 1252 1185 1294 genitori
1210 1252 1406 1296 gloria[que]
1434 1253 1520 1295 proli

970 1301 1009 1333 In
1026 1310 1103 1333 arce
1119 1300 1189 1342 poli
1206 1310 1288 1342 quae
1302 1302 1451 1342 olympus
1468 1301 1543 1335 colit

970 1349 1113 1382 Flamini
1150 1358 1277 1390 quoque
1318 1350 1442 1391 aliquid
1478 1359 1543 1383 non

1232 1398 1295 1430 soli

1042 1445 1129 1478 Laus
1156 1454 1212 1477 ore
1236 1447 1333 1480 omni.
1383 1447 1498 1479 Amen.

899 1506 955 1538 35.
971 1503 1022 1536 Sit
1054 1504 1228 1536 benedicta
1255 1504 1370 1537 Deitas
1404 1505 1544 1545 benigna

970 1552 1086 1585 Laude
1135 1561 1287 1592 suprema
1338 1554 1445 1586 omnia
1485 1561 1545 1593 per

1235 1602 1343 1634 saecla

971 1649 1072 1689 Quem
1097 1649 1271 1682 benedicat
1286 1650 1445 1691 quidquid
1463 1649 1546 1682 vivit

1157 1698 1226 1730 vita
1257 1695 1493 1744 (nostramque)

1043 1747 1198 1786 Petrique
1222 1746 1342 1788 lingua.

273 1813 338 1842 Fol.
373 1814 409 1842 82
430 1815 458 1843 b.
480 1828 518 1832 —
538 1814 646 1841 DIeser
665 1813 867 1842 Abecedarius
896 1815 1008 1849 spottet
1026 1814 1083 1841 mit
1102 1813 1207 1841 seinen
1226 1812 1356 1841 Fehlern
1375 1814 1450 1842 aller
1469 1813 1543 1841 Ver-

194 1852 533 1889 besserungsversuche;
564 1861 594 1880 es
615 1853 657 1880 ist
676 1852 768 1882 daher
787 1851 966 1880 vorstehend
987 1860 1086 1889 genau
1105 1852 1157 1880 der
1176 1852 1253 1879 Text
1272 1852 1324 1880 der
1343 1852 1540 1881 Handsehrift

195 1891 443 1929 wiedergegeben
462 1892 518 1919 mit
538 1891 580 1919 all
600 1891 687 1919 ihren
704 1891 848 1926 Fehlern3
868 1890 1024 1918 vielleicht
1047 1891 1116 1919 dass
1138 1899 1170 1918 es
1191 1891 1289 1918 einem
1309 1891 1542 1920 Gliioklieheren

193 1930 318 1967 gelhagt,
342 1931 390 1959 die
410 1929 513 1959 sieben
527 1929 628 1966 Siegel
647 1939 684 1957 zu
703 1930 795 1966 loson,
819 1929 867 1957 die
889 1937 928 1957 an
948 1930 1052 1958 siebeu
1072 1930 1133 1958 mal
1154 1930 1258 1957 sieben
1272 1929 1385 1959 Stellen
1401 1931 1454 1959 das
1468 1930 1541 1959 Ver-

194 1969 346 1998 stiindniss
369 1969 595 2000 verschliessen.

822 2051 905 2093 135.

648 2142 692 2174 De
712 2142 742 2174 S.
763 2138 866 2174 Maria
887 2139 1089 2182 Magdala-,na

193 2224 227 2260 1.
265 2224 431 2258 Fidelium
456 2224 586 2257 devotio

266 2273 447 2314 Depromat
470 2272 624 2314 hymnum
651 2272 794 2313 domino,-

267 2321 328 2361 Qui
352 2322 480 2357 Mariae
504 2322 721 2364 Magdalenae

267 2369 386 2403 Sedem
413 2370 505 2405 dedit
528 2371 563 2403 in
588 2371 729 2405 aethere.

255 2430 274 2453 D
282 2437 313 2454 re
319 2437 333 2453 v
340 2436 369 2453 es
379 2447 385 2457 ,
400 2430 549 2460 Hymnarius
563 2430 754 2455 Moissiacensis.

898 2224 931 2256 2.
970 2224 1012 2256 In
1036 2233 1110 2265 qua,
1136 2224 1216 2264 quid
1241 2227 1328 2257 esset
1352 2224 1468 2265 pietas,

970 2271 1052 2312 Ejus
1078 2272 1221 2305 ostendit
1246 2272 1385 2313 bonitas,

972 2321 1056 2360 Quid
1081 2323 1193 2362 posset
1214 2322 1416 2361 poenitentia

970 2368 1130 2403 Patefecit
1156 2370 1335 2405 clementia.

1348 2426 1365 2455 7
