1655 2624
220 173 252 205 3.
279 172 332 205 lbi
358 173 476 206 devota
501 175 682 207 exercendo
708 174 823 207 semita

278 221 417 254 Actibus
431 222 524 254 almis
538 225 635 264 atque
651 223 772 255 sanctis
790 232 857 256 mo-

555 271 644 303 ribus

284 316 410 349 Claruit
421 318 495 358 ipse
506 319 611 351 carnis
623 320 658 351 in
673 319 858 363 certamine,

284 364 412 398 Monita
446 375 540 399 sacra
570 370 668 407 atque
698 376 775 399 cura
800 376 857 407 pa-

556 415 640 447 triae

283 461 426 494 Cernens
449 462 617 503 benignus,
645 470 777 495 servans
795 461 859 493 sibi

557 511 692 543 tradita.

247 611 254 619 .
281 585 419 626 Jamque
455 589 589 626 peracta
619 588 726 619 aetate
746 586 857 626 juven-

278 682 436 723 Regenda
450 635 716 723 castracfflgoepst
732 691 858 715 monas-

280 777 410 810 Deinde
434 781 539 811 morte
554 733 736 811 tdizsas'olutus
751 778 858 819 beata,

280 826 398 860 Sidera
422 835 521 867 super
544 827 698 867 elevatuS,
727 826 837 859 divina

278 874 379 907 Novit
400 877 536 916 secreta,
563 876 675 915 prodit
691 878 723 906 et
738 875 773 906 in
789 883 858 906 sae-

555 924 637 958 cula.

918 177 950 211 5.
976 176 1154 209 Redditum
1187 175 1338 207 membris
1362 179 1437 216 post
1461 179 1555 210 tanta

919 588 951 622 6.

1254 224 1411 263 mysteria

976 271 1074 304 Plebs
1086 270 1252 304 Albiensis
1271 275 1417 312 ereptum
1431 272 1471 305 de
1489 273 1552 304 cel-

1248 320 1317 352 lula

976 367 1160 400 Pontificali
1175 368 1281 408 ipsum
1298 368 1377 400 sede
1389 368 1552 409 sublimat,

977 416 1017 448 In
1042 425 1105 456 qua
1128 415 1238 448 divina
1261 419 1433 448 revocante
1449 417 1554 457 gratia

977 463 1114 496 Domino
1153 466 1297 495 sanctam
1331 464 1442 497 reddit
1474 463 1554 497 felix

1251 512 1399 544 animam.

977 587 1094 628 Hujus,
1122 597 1140 620 0
1163 586 1301 627 Christe,
1326 597 1425 628 prece
1448 590 1553 629 patris

1253 636 1367 668 sedula

979 683 1088 723 Ipsum
1114 682 1222 715 foveto
1247 684 1377 724 agmina
1404 684 1552 726 colentia,

979 732 1038 772 Qui
1064 732 1149 772 regis
1173 740 1238 763 una
1263 740 1334 764 cum
1355 735 1466 765 sancto
1487 733 1554 773 spi-

1251 781 1375 812 ramine

978 828 1029 861 Ac
1045 828 1114 861 Deo
1128 830 1222 869 patre
1239 828 1304 860 ima
1316 832 1413 869 atque
1425 837 1553 873 supera,

979 876 1097 908 Trinus
1139 878 1170 907 et
1207 885 1289 908 unus
1327 885 1387 916 per
1423 879 1557 909 aeterna

1253 924 1392 956 saecula.

297 989 362 1017 Fol.
385 989 421 1016 37
447 990 476 1017 b.
503 1004 543 1008 —
573 990 598 1025 1,
620 990 636 1017 5
658 989 793 1025 patronis
813 988 869 1016 Hs.
890 1003 928 1007 —
955 989 982 1023 2,
1003 991 1021 1017 4
1045 991 1112 1017 arta
1130 988 1336 1017 habitaculum
1355 990 1410 1018 Hs.
1432 1006 1470 1010 —-
1490 991 1516 1025 5,
1539 990 1555 1017 3

860 1110 918 1151 87.

219 1027 351 1055 sublima
370 1027 432 1057 Hs.
454 1044 493 1048 —
513 1031 541 1063 4,
562 1028 580 1055 2
602 1027 737 1064 Regendi
756 1027 812 1055 Hs.
833 1042 870 1046 —
893 1027 919 1063 6,
940 1027 958 1055 2
979 1028 1104 1056 fovendo
1125 1027 1180 1056 Hs.

633 1187 679 1219 De
700 1185 820 1217 Sancta
843 1185 979 1218 Caecilia
997 1186 1142 1226 hymnus.

220 1259 254 1293 1.
293 1258 474 1291 Concentus
501 1259 603 1291 omnis
628 1258 788 1299 virginum

291 1306 447 1339 Exsultat
471 1309 568 1347 atque
591 1310 782 1347 martyrum,

292 1354 370 1387 Cum
394 1355 486 1396 virgo
510 1355 731 1387 sacratissima

291 1403 424 1437 Coelum
446 1404 531 1444 petit
557 1403 707 1436 Caecilia.

243 1507 250 1514 .
289 1480 382 1512 Haec
404 1489 543 1521 namque
566 1480 830 1524 prudentissima,

289 1528 442 1561 Fundata
468 1528 590 1562 Christi
614 1528 729 1571 gratia,

290 1577 440 1610 Firmans
469 1580 596 1609 secreta
620 1576 762 1618 pectoris

291 1624 419 1657 Virtute
443 1625 529 1657 sacri
555 1625 724 1667 dogmatis.

244 1731 251 1736 .
294 1701 411 1734 Sexum
437 1702 622 1743 relinquens
648 1702 797 1742 feminae,

291 1750 482 1783 Praecincta
506 1750 620 1783 militis
645 1750 721 1791 fide,

290 1798 395 1839 Nupti
420 1799 483 1831 viri
510 1800 673 1832 consortia

289 1847 345 1879 Ad
372 1850 463 1879 casta
486 1846 552 1880 fert
577 1847 776 1880 commercia.

243 1953 250 1959 .
290 1925 473 1966 sponsique
499 1933 686 1967 germanum
711 1925 761 1957 sui

288 1974 328 2007 In
352 1972 468 2006 foedus
494 1973 639 2006 adnectit
663 1972 736 2013 Dei,

290 2022 470 2063 Utrumque
497 2023 538 2055 de
561 2023 676 2055 mortis
701 2022 757 2054 via

288 2071 385 2105 Vitae
408 2070 518 2104 ferens
542 2072 586 2104 ad
609 2071 768 2112 pervium.

919 1260 951 1294 5.

917 1482 949 1514 6.

919 1705 951 1737 7.

986 1259 1101 1292 Plures
1130 1258 1248 1290 dehinc
1270 1259 1437 1292 adulteros

990 1307 1145 1340 Sermone
1169 1307 1280 1339 reddit
1303 1307 1437 1347 liberos,

988 1355 1075 1388 Dum
1100 1364 1220 1396 sponsa
1246 1364 1448 1388 commanens
1472 1355 1536 1388 Dei

988 1404 1151 1436 Adhaesit
1176 1403 1244 1443 ejus
1271 1404 1410 1443 corpori.

988 1480 1114 1513 Junctis
1139 1479 1327 1512 ministrans
1352 1480 1473 1512 lumine

988 1529 1040 1562 De
1066 1528 1211 1562 caritatis
1237 1528 1400 1572 lampade,

989 1577 1041 1610 Ne
1066 1578 1122 1610 lux
1147 1577 1192 1608 eis
1220 1575 1349 1609 defecta
1373 1578 1427 1620 sit,

988 1626 1074 1659 Dum
1098 1628 1194 1659 nocte
1218 1634 1354 1665 sponsus
1380 1626 1515 1661 venerit.

989 1703 1077 1736 Hinc
1100 1702 1211 1744 palma
1235 1701 1365 1735 fervens
1390 1703 1514 1744 incitat,

989 1752 1091 1792 Quam
1118 1751 1250 1784 castitas
1277 1751 1477 1793 devinxerat,

989 1800 1147 1841 Subitque
1170 1798 1316 1831 flammas
1343 1800 1452 1832 balnei

989 1849 1129 1890 Obitque
1155 1856 1249 1880 caesa
1273 1848 1406 1883 vertice.

990 1926 1064 1959 Jam
1089 1934 1185 1965 nunc,
1211 1926 1268 1965 pia
1295 1924 1446 1968 Caecilia,

989 1974 1037 2007 Te
1060 1974 1233 2016 poscimuS‚
1262 1974 1450 2016 clarissima,

990 2023 1121 2057 Orando
1147 2022 1312 2056 Christum
1337 2024 1495 2065 supplica,

989 2073 1081 2113 Quod
1106 2074 1219 2105 nostra
1243 2072 1349 2104 solvat
1375 2073 1519 2105 crimina.

553 2141 584 2174 9.
628 2139 687 2173 Cui
713 2139 799 2172 doxa
824 2148 954 2181 semper
980 2149 1051 2172 cum
1076 2144 1180 2183 patre,

629 2188 718 2221 Laus
741 2192 774 2220 et
798 2189 886 2221 salus
913 2198 985 2221 cum
1009 2187 1150 2231 flamine,

629 2237 691 2278 Qui
715 2237 799 2270 vivit
823 2240 856 2271 et
880 2242 996 2279 regnat
1019 2237 1109 2270 Deus

628 2287 669 2320 In
694 2287 896 2319 saeculorum
921 2287 1060 2322 saecula.

292 2352 356 2380 Fol.
378 2352 415 2382 38
437 2361 463 2384 a.
484 2362 531 2390 sq.
551 2368 590 2372 —
612 2354 638 2389 3,
666 2356 677 2383 1
701 2353 850 2382 femineae
868 2353 965 2382 Hs.—
986 2355 1013 2389 4,
1034 2355 1052 2382 4
1072 2353 1207 2390 perviam
1220 2353 1275 2384 Hs.
1298 2353 1368 2390 Vgl.
1390 2354 1442 2382 Du
1455 2353 1560 2391 Cange

215 2400 239 2419 s.
260 2400 288 2419 v.
311 2393 457 2428 pervium.
