1655 2624
693 35 934 71 -35-

428 197 565 236 Hymnus
585 197 620 228 in
639 195 814 228 nativitate
834 194 963 227 Domi-ni
986 193 1027 225 ad-
1045 201 1208 234 ves-peras.

151 260 182 293 1.
221 259 315 302 Veni,
340 259 526 298 redemptor
550 257 702 298 gentium,
849 259 880 290 5.
920 257 1080 297 Egressus
1107 256 1175 295 ejus
1198 263 1219 286 a
1243 256 1348 293 patre,

225 307 366 342 Ostende
390 309 519 347 partum
543 305 688 346 virginis,
919 305 1100 344 Regressus
1127 304 1196 343 eJ'us
1222 301 1265 334 ad
1290 304 1429 342 patrem,

221 355 362 388 Miretur
386 363 479 387 omne
504 353 679 393 saeculum,
918 352 1085 385 Excursus
1110 359 1212 390 usque
1235 349 1278 383 ad
1302 348 1438 390 inferos,

221 403 311 436 Talis
338 402 429 434 decet
455 404 568 442 partus
591 400 706 434 Deum.
920 401 1084 433 Recursus
1110 400 1152 432 ad
1179 400 1290 431 sedem
1314 398 1388 431 Dei.

148 463 183 496 2.
220 460 295 492 Non
321 469 360 492 ex
383 459 472 492 virili
496 459 619 491 semine
848 461 880 493 6,
919 457 1076 497 Aequalis
1101 459 1234 488 aeterno
1258 455 1356 498 patri,

219 508 284 541 Sed
309 509 444 548 mystico
470 508 645 548 spiramine
922 505 1037 540 Carnis
1062 505 1220 545 trophaeo
1245 504 1424 546 accingere,

219 555 362 588 Verbum
386 556 448 588 Dei
474 554 595 587 factum
622 564 696 588 caro
917 552 1060 587 Infirma
1081 552 1186 585 nostri
1212 553 1358 592 corporis

217 604 421 644 Fractusque
443 603 565 636 ventris
590 602 709 635 floruit.
919 602 1047 634 Virtute
1071 601 1203 633 firmans
1229 600 1368 641 perpeti.

149 663 181 697 3.
220 661 324 695 Alvus
349 661 500 694 tumescit
524 660 667 702 virginis.
849 662 879 695 7,
920 660 1085 699 Praesepe
1107 659 1175 698 jam
1199 656 1305 698 fulget
1328 661 1418 691 tuum

221 709 369 743 Claustra
393 709 527 750 pudoris
553 710 753 749 permanent,
916 708 1105 748 Lumenque
1133 715 1199 739 nox
1223 706 1328 747 spirat.
1355 716 1484 750 novum,

224 756 353 790 Vexilla
376 758 532 790 virtutum
557 758 688 797 micant,
919 756 1012 795 Quod
1035 755 1127 787 nulla
1149 763 1215 787 nox
1237 754 1424 797 interpolet,

219 806 376 837 Versatur
397 806 430 838 in
456 805 577 846 templo
602 804 701 837 Deus.
918 802 1004 836 Fide
1029 811 1091 844 quo
1112 802 1185 845 jugi
1208 803 1326 836 luceat.

147 864 180 898 4.
221 861 405 896 Pro⁰edens
433 861 473 893 de
495 862 638 894 thalamo
663 871 733 900 suo,
847 863 879 895 8.
921 860 1035 893 Gloria
1060 860 1130 901 tibi,
1154 859 1304 900 Domine,

221 910 360 943 Pudoris
385 910 461 942 aula
483 909 584 950 regia,
919 909 983 948 Qui
1004 911 1101 941 natus
1125 917 1160 941 es
1186 908 1227 940 de
1251 907 1388 951 virgine,

224 958 377 991 Geminae
401 958 490 997 gigas
510 957 720 997 substantiae,
922 958 1001 991 Cum
1026 958 1123 997 patre
1148 958 1180 989 et
1204 959 1316 989 sancto
1342 956 1459 996 spiritu

219 1006 349 1038 Alacris
373 1008 409 1037 ut
436 1008 544 1038 currat
568 1006 664 1039 viam.
919 1006 960 1038 In
985 1004 1184 1045 sempiterna
1206 1005 1346 1040 saecula.

229 1072 293 1100 Pol.
318 1073 333 1100 6
356 1080 373 1099 a
439 1071 590 1106 =Biragl1i
611 1080 640 1108 p.
661 1073 707 1101 49.
730 1072 807 1100 Dan.
828 1072 852 1100 1.
876 1071 911 1100 12
933 1087 971 1091 —
992 1074 1017 1105 ὅ,
1043 1074 1067 1100 1.
1089 1070 1157 1099 Von
1179 1070 1231 1099 der
1246 1071 1414 1107 Doxologie
1428 1079 1484 1098 nur

152 1110 205 1138 der
223 1110 342 1147 Anfang
361 1110 415 1138 Hs.

639 1250 676 1283 In
695 1250 799 1293 prima
818 1253 986 1283 nocturna.

151 1313 181 1346 1.
227 1311 361 1350 Christe,
390 1312 577 1353 redemptor
603 1313 752 1353 omnium,
849 1314 883 1346 4.
927 1312 982 1345 Sic
1005 1321 1163 1353 praesens
1187 1315 1328 1345 testatur
1354 1312 1422 1345 dies

223 1360 277 1392 Ex
298 1363 393 1400 patre
416 1362 521 1401 patris
544 1361 649 1401 unice,
924 1360 1065 1394 Currens
1087 1370 1148 1401 per
1173 1362 1250 1393 anni
1275 1361 1440 1405 circulum,

224 1407 318 1441 Solus
343 1415 417 1440 ante
442 1408 637 1448 principium
923 1410 1015 1448 Quod
1041 1409 1128 1442 solus
1154 1419 1174 1442 a
1198 1410 1277 1442 sede
1301 1409 1406 1450 patris

223 1455 329 1487 Natus
352 1456 578 1496 ineffabiliter3
921 1458 1039 1490 Mundi
1064 1458 1153 1492 salus
1179 1458 1361 1490 adveneris.

152 1516 184 1548 2.
224 1514 274 1546 Tu
294 1513 412 1546 lumen.
439 1516 474 1545 tu
491 1513 646 1555 splendor
662 1514 777 1556 putris,
851 1517 882 1549 5.
922 1514 970 1547 Te
993 1516 1126 1557 coelum,
1153 1519 1253 1557 terra,
1279 1515 1393 1556 maria,

225 1561 274 1594 Tu
299 1570 373 1602 spes
398 1563 550 1602 perennis
577 1562 726 1604 omnium,
922 1564 971 1596 Te
995 1572 1099 1604 omne,
1127 1564 1214 1605 quod
1237 1565 1271 1596 in
1300 1564 1346 1596 eis
1372 1566 1431 1607 est,

224 1609 378 1650 Indende,
398 1618 476 1650 quas
491 1609 639 1643 fundunt.
658 1619 782 1652 preces,
921 1613 1098 1644 Auctorem
1125 1613 1284 1646 adventus
1307 1613 1356 1645 tui

224 1657 286 1689 Tui
310 1667 370 1698 per
395 1658 504 1690 orbem
531 1656 650 1690 famuli.
921 1659 1052 1692 Laudat
1077 1662 1242 1693 exsultans
1271 1661 1406 1694 cantico.

153 1716 187 1749 3.
226 1714 390 1747 Memento
416 1715 530 1748 salutis
553 1720 676 1753 auctor,
851 1718 882 1750 6.
921 1717 990 1750 Nos
1016 1726 1154 1759 quoque,
1180 1719 1237 1759 qui
1261 1721 1373 1751 sancto
1398 1720 1453 1753 tuo

228 1763 319 1802 Quod
344 1764 448 1796 nostri
461 1764 621 1804 quondam
641 1765 784 1805 corporis
922 1765 1099 1806 Redempti
1124 1767 1280 1808 sanguine
1305 1775 1424 1810 sumus,

223 1810 275 1843 Ex
293 1811 422 1844 illibata
445 1812 571 1853 virgine
924 1814 972 1846 Ob
1002 1814 1090 1847 diem
1113 1815 1234 1848 natalis
1257 1815 1308 1847 tui

225 1859 396 1892 Nascendo
422 1859 548 1893 forman
573 1861 759 1901 sumpseris.
923 1862 1091 1903 Hymnum
1117 1872 1234 1896 novum
1261 1863 1471 1897 concinimus,

599 1920 629 1951 7.
658 1918 772 1951 Gloria
795 1918 858 1951 tibi
882 1919 1031 1954 Domine.
1147 1960 1153 1966 Ι

232 1981 295 2010 Pol.
320 1982 336 2010 6
356 1982 385 2009 b.
405 1998 443 2002 fi
463 1983 540 2011 Dan.
561 1984 585 2011 1.
607 1984 653 2013 73.
674 1985 832 2019 „Hymnus
857 1986 890 2013 in
909 1987 1036 2014 vetustis
1055 1994 1118 2015 non
1137 1988 1198 2016 nisi
1218 1996 1286 2016 raro
1309 1988 1446 2017 obvius.“

789 2058 847 2099 23.

620 2124 654 2156 In
675 2124 840 2157 matutinis
863 2124 1023 2158 laudibus.

155 2185 188 2219 1.
232 2185 262 2216 A
287 2185 364 2217 solis
389 2188 479 2217 ortus
505 2185 638 2218 cardine
855 2188 888 2222 2.
925 2187 1046 2220 Beatus
1072 2193 1186 2223 auctor
1210 2192 1334 2225 saeculi

228 2232 284 2266 Ad
307 2241 409 2274 usque
433 2236 542 2266 terrae
565 2233 701 2266 limitem
928 2236 1054 2269 Servile
1081 2246 1198 2279 corpus
1223 2240 1333 2276 induit

232 2280 396 2314 Christum
422 2290 572 2314 canamus
596 2282 776 2324 principem
929 2283 974 2317 Ut
1001 2293 1098 2318 carne
1124 2295 1253 2321 carnem
1277 2289 1433 2331 liberam,

228 2329 348 2362 Natum
372 2329 479 2362 Maria
504 2330 639 2371 virgine.
927 2332 979 2364 Ne
1003 2334 1158 2373 perderet
1183 2345 1263 2376 quos
1289 2338 1445 2375 condidit.
