1655 2624
748 52 988 90 -55-

824 225 924 258 Alius.

208 285 239 319 1.
278 286 510 327 Apostolorum
536 288 644 328 passio
906 289 936 321 5.
962 287 1535 327 Praecinctns,utdictumest,senex,

278 334 376 367 Diem
401 335 542 368 sacravit
568 335 699 377 saeculi,
963 335 1120 368 Elevatns
1150 335 1190 367 ab
1215 335 1316 367 altero

280 383 372 416 Petri
396 383 594 424 triumphum
619 383 771 422 nobilem,
968 385 1035 422 Quo
1060 383 1162 416 nollet
1184 383 1255 423 ivit,
1283 382 1341 415 sed
1366 382 1477 414 volens

280 431 374 464 Pauli
401 440 551 464 coronam
576 429 775 472 praeferens,
965 431 1106 463 Mortem
1133 431 1258 472 subegit
1284 438 1441 470 asperam.

207 490 240 522 2.
282 488 455 529 Conjunxit
478 489 628 529 aequales
654 488 740 519 viros
906 489 937 521 6.
964 488 1052 520 Hinc
1075 488 1178 521 Roma
1204 489 1322 521 celsum
1348 487 1501 519 verticem

280 537 383 570 Cruor
406 536 611 576 triumphalis
636 536 736 575 necis,
963 535 1151 568 Devotionis
1178 537 1305 577 extulit,

278 584 383 616 Deum
408 586 535 616 secutos
560 584 741 624 praesulem
964 583 1117 616 Fundata
1139 584 1199 615 t-ali
1223 583 1376 624 sangnine

280 632 401 665 Christi
426 632 594 664 coronavit
616 631 709 664 fides.
964 631 1011 663 Et
1031 634 1106 664 vate
1130 633 1219 663 tanto
1244 630 1372 664 nobilis.

207 691 240 723 3.
282 690 409 722 Primus
435 689 552 721 Petrus
580 689 744 730 apostolus
907 689 937 721 7.
966 689 1091 721 Tantae
1115 697 1176 729 per
1202 688 1289 721 orbis
1314 687 1468 720 ambitum

278 737 350 769 Nec
375 737 495 770 Paulus
520 737 626 778 impar
651 737 765 778 gratia,
966 736 1094 777 Stipata
1117 736 1255 769 tendunt
1280 736 1416 777 agmina,

277 784 457 818 Electionis
483 794 539 817 vas
566 793 688 825 sacrae,
966 785 1075 817 Trinis
1102 784 1286 817 celebratur
1309 784 1371 816 viis

278 834 370 868 Petri
395 833 596 874 adaequatur
620 832 713 866 fides.
964 834 1098 866 Festum
1123 835 1307 865 sanctornm
1332 835 1521 873 martyrum.

204 892 239 925 4.
278 890 380 924 Verso
408 891 511 923 crucis
536 890 672 932 vestigio
906 892 938 924 8.
964 888 1105 923 Prodire
1130 890 1200 930 quis
1225 889 1380 922 mundum
1404 892 1507 929 putet,

278 938 389 971 Simon
414 938 569 971 honorem
596 939 676 971 dans
701 938 783 979 Deo,
967 939 1166 972 Concurrere
1189 938 1318 978 plebem
1342 937 1421 977 poli,

279 987 460 1027 Suspensus
483 987 641 1028 ascendit,
671 986 740 1018 dati
964 985 1082 1018 Electa
1105 986 1249 1025 gentium
1274 988 1370 1024 caput

278 1034 351 1067 Non
376 1035 544 1067 immemor
568 1034 699 1067 oraculi.
966 1033 1067 1066 Sedes
1093 1033 1241 1073 magistri
1268 1033 1419 1074 gentium.

646 1092 678 1126 9.
717 1091 786 1124 Deo
810 1090 899 1132 patri
922 1091 965 1122 sit
989 1091 1101 1131 gloria.

280 1158 344 1186 Fol.
363 1158 401 1186 22
414 1157 443 1185 b.
469 1172 506 1176 —
526 1157 650 1194 Biraghi
671 1166 699 1193 p.
723 1157 774 1192 863
795 1157 873 1185 Dan.
890 1156 914 1184 Ι.
936 1157 1006 1192 1013
1029 1157 1120 1185 Mone
1141 1157 1213 1191 6843
1236 1158 1261 1191 5,
1288 1156 1304 1185 3
1328 1155 1414 1190 Quod
1436 1156 1536 1187 nollet,

203 1205 236 1224 se
256 1196 370 1225 volens.
392 1195 447 1224 Hs.
469 1211 507 1215 —
528 1196 554 1229 8,
576 1199 594 1225 4
615 1195 705 1223 Sedet
724 1196 780 1224 Hs.

769 1336 850 1368 Item
871 1336 964 1368 alius.

205 1399 236 1433 1.
275 1396 510 1439 Apostolorum
534 1400 669 1440 gloriam
899 1400 931 1432 6.
970 1396 1139 1440 Fulgentis
1164 1400 1312 1432 ascendit
1335 1399 1403 1439 poli

274 1447 414 1488 Hymnis
441 1456 591 1480 canamus
621 1447 750 1484 debitis,
969 1447 1082 1479 Tertia
1104 1447 1225 1480 Paulus
1250 1448 1348 1487 edita,

274 1495 367 1528 Votis
393 1504 541 1529 vocemus
566 1496 690 1538 annuis,
973 1496 1105 1528 Arcana
1133 1495 1239 1536 discit,
1267 1495 1362 1528 alteri

274 1544 296 1577 J
298 1552 354 1576 esu
379 1543 454 1577 fave
478 1545 698 1585 precantibus
972 1543 1119 1576 Proferri
1143 1544 1227 1576 nulli
1252 1551 1334 1585 quae
1357 1544 1443 1575 licet.

202 1604 235 1636 2.
273 1598 342 1636 Bar
366 1602 460 1642 Jona,
488 1602 598 1635 Simon
623 1599 739 1634 Petrus
901 1602 933 1634 7.
975 1598 1113 1636 Gressus
1142 1601 1243 1643 Cephi
1259 1611 1320 1643 per
1345 1602 1476 1634 caerula

272 1650 319 1683 Et
344 1650 457 1683 doctor
481 1651 584 1684 almus
610 1649 751 1691 gentium
975 1650 1097 1684 Christi
1122 1650 1277 1690 juvantur
1304 1649 1450 1691 dextera,

275 1699 409 1732 Festiva
434 1699 548 1730 saeclis
575 1697 694 1740 gaudia
977 1698 1124 1731 Christus
1150 1707 1224 1731 suos
1249 1708 1291 1730 ne
1316 1698 1439 1730 saeculi

276 1746 340 1779 Suo
368 1747 517 1780 dicarunt
544 1746 708 1788 sang-uine.
972 1746 1149 1787 Demergat
1173 1756 1293 1787 aequor
1319 1746 1422 1787 erigit.

204 1806 236 1839 3.
278 1801 451 1845 Conjunxit
474 1814 556 1836 nnus
583 1805 697 1844 exituS,
901 1804 932 1837 8.
969 1801 1073 1845 Hujus
1097 1804 1221 1845 pericla
1246 1804 1367 1837 saeculi

275 1853 360 1893 Quos
389 1854 500 1893 dispar
523 1855 612 1885 ortus
637 1852 783 1894 protulit,
974 1853 1070 1885 Vinci
1094 1853 1161 1885 fide
1188 1852 1397 1897 credentium,

273 1902 384 1934 Terris
411 1901 507 1934 simul
531 1910 596 1934 non
622 1900 702 1933 editi
972 1902 1094 1934 Paulus
1122 1902 1225 1945 docet,
1249 1902 1317 1942 jam
1340 1900 1515 1944 naufragos

274 1949 377 1983 Simul
402 1952 517 1991 petunt
541 1949 703 1982 coelestia.
976 1949 1112 1982 Salvans
1138 1949 1178 1982 ab
1204 1950 1300 1983 undis
1326 1950 1439 1982 socios.

200 2012 235 2045 4.
274 2007 415 2044 Diversa
436 2008 538 2040 verba
560 2007 705 2049 plebium
902 2008 933 2040 9.
979 2004 1059 2042 Imis
1085 2007 1195 2040 Simon
1220 2017 1238 2040 e
1261 2007 1412 2041 fluctibus

272 2058 326 2091 Ad
352 2061 441 2090 astra
466 2060 584 2098 cogunt
608 2056 737 2098 agmina
971 2056 1088 2090 Mundi
1114 2055 1228 2089 fideles
1255 2056 1427 2090 extrahens

270 2106 409 2148 Unaque
433 2106 578 2138 condunt
602 2105 751 2147 plurimis
970 2106 1082 2138 Pisces
1108 2105 1210 2139 bonos
1233 2108 1272 2138 ut
1294 2105 1399 2138 libere

270 2156 390 2188 Aulam
415 2152 488 2189 Deo
516 2155 557 2187 de
581 2153 739 2195 gentibus.
972 2154 1027 2186 Ad
1052 2154 1133 2187 lucis
1161 2154 1253 2186 effert
1277 2154 1427 2195 patriam.

202 2215 232 2247 5.
273 2210 443 2249 Ecclesiae
467 2212 621 2254 princeps
647 2220 740 2244 sacer
901 2212 957 2246 10.
975 2209 1101 2255 Xriste‚
1128 2221 1301 2253 precamur
1324 2213 1362 2243 ut
1387 2212 1504 2252 quibu<

271 2262 310 2294 In
334 2265 444 2295 monte
470 2261 582 2297 Jesum
608 2261 766 2302 conspicit
972 2260 1103 2294 Laudes
1130 2263 1263 2294 ovantes
1290 2260 1436 2301 dicimus,

271 2310 453 2352 Vocemque
477 2311 582 2351 patris
606 2310 701 2352 igneo
972 2309 1097 2343 Hormn
1122 2308 1188 2342 frui
1212 2319 1271 2342 nos
1296 2309 1415 2342 lucidis

272 2360 375 2392 Audit
400 2358 469 2402 poli
495 2359 536 2391 de
561 2359 692 2391 vertice.
972 2358 1082 2391 Dones
1115 2367 1176 2399 per
1199 2367 1314 2392 aevum
1339 2358 1537 2399 aspectibus
