1655 2624
766 59 1032 96 —167—

874 153 932 195 38.

776 221 821 254 De
841 221 1013 253 scandalis.

235 271 267 305 1.
306 270 385 304 Jesu
412 271 540 305 Christe
563 273 629 313 pie,
934 276 965 308 4.
1004 274 1060 307 Ad
1085 273 1177 306 nefas
1202 274 1244 307 ah
1264 283 1369 315 prona

305 319 518 353 Restaurator
545 320 607 361 die,
1005 322 1163 355 Tartarea
1187 332 1278 363 zona,

306 367 375 400 Nos
400 368 556 410 pusillum
580 377 711 410 gregem
1004 371 1177 403 Immemor
1201 370 1327 410 salutis,

305 415 396 448 Doce
419 418 509 448 tuam
536 417 649 457 legem.
1005 418 1173 451 Proditrix
1200 418 1339 459 virtutis,

416 465 571 505 Alleiuja.
1121 466 1324 500 Baratratur.

232 522 266 553 2.
302 521 413 554 Morte
436 523 541 563 surgis
566 522 663 563 victa,
936 526 966 557 5.
1004 523 1070 556 Res
1098 526 1147 555 est
1170 523 1317 556 inaudita

306 569 428 602 Nostra
452 571 489 602 tu
518 570 638 603 delicta
1006 571 1111 613 Nunc,
1137 574 1213 612 post
1236 576 1332 612 atque
1352 573 1451 612 retro,

304 617 424 651 Veram
451 618 537 651 dona
560 618 670 658 vitam,
1005 620 1114 653 Prava
1136 628 1198 651 nec
1221 617 1314 652 finita

304 665 351 697 Et
374 666 459 699 hanc
485 665 672 699 stabilitam.
1006 667 1079 700 Hoc
1102 669 1248 708 tempore
1275 670 1360 700 tetro

416 714 571 755 Alleluja.
1124 715 1338 748 Giomeratur.

233 773 267 806 3.
303 770 389 804 Gens
417 771 489 804 dira
514 772 667 813 surrexit,
935 774 967 807 6.
1007 773 1101 806 Ursis
1126 773 1226 806 tantis
1252 773 1334 805 dolis

308 819 471 852 Scandala
497 820 650 861 contexit,
1006 821 1112 862 Hujus
1138 830 1275 862 nequam
1301 820 1398 860 orbiS,

308 867 474 908 Sacrilega
498 871 569 901 tota
1005 869 1052 902 Et
1076 869 1134 902 sub
1160 870 1256 910 globo
1282 869 1359 901 solis

306 916 345 948 In
370 924 530 957 praeceps
553 918 591 948 ut,
613 918 687 948 rota
1006 917 1089 950 Tam
1112 916 1263 950 nefandis
1284 915 1407 949 morbis

416 964 600 998 Volutatur.
1123 965 1209 997 Dum
1234 967 1370 997 rotatur.

637 1023 668 1055 ’7.
708 1020 795 1053 Laus
820 1022 907 1061 patri
934 1023 1067 1063 creanti‚

701 1068 790 1101 Nato
815 1070 1023 1109 restauranti,

699 1116 879 1149 Amborum
903 1118 1052 1159 spiranti,

697 1165 763 1198 Per
788 1165 918 1197 saecula
944 1167 1104 1206 regnanti.

827 1213 982 1252 Alleluja.

230 1310 239 1338 1
308 1273 349 1346 igis
384 1272 440 1300 mit
464 1272 550 1306 Mol„
578 1271 691 1299 welche
725 1270 775 1298 die
801 1271 853 1298 des
880 1270 990 1299 Liedes
1016 1271 1100 1299 Deus
1127 1272 1314 1305 omnipotens
1335 1269 1432 1303 (Euoh
1458 1277 1574 1297 vsemo-

241 1311 321 1339 muci
351 1312 399 1339 ist.

726 1427 771 1459 De
792 1426 967 1459 Nativitate
987 1425 1024 1457 D.
1045 1426 1080 1458 N.

233 1483 263 1515 1.
303 1480 379 1512 Vile
403 1480 509 1521 tangit
532 1480 739 1521 praesepium
958 1479 989 1511 6.
1002 1479 1244 1519 Propugnando
1269 1479 1363 1511 nobis
1389 1478 1537 1511 omnibus

302 1528 444 1562 Veniens
476 1529 607 1561 aethere
636 1537 695 1561 rex
720 1528 871 1561 omnium.
1004 1527 1094 1559 Nece
1118 1529 1214 1560 necta
1246 1527 1525 1560 reviviscentibus

232 1589 264 1620 2.
303 1588 344 1620 In
368 1587 506 1620 salutem
527 1587 594 1627 ⁴iam
619 1586 763 1628 gentium
958 1586 988 1619 7.
1003 1585 1090 1618 Hine
1114 1594 1207 1618 senes
1233 1589 1329 1626 atque
1359 1586 1499 1627 parvuli,

303 1636 438 1676 Peperit
462 1635 554 1676 virgo
576 1633 688 1668 filium.
1006 1635 1045 1667 In
1070 1643 1168 1666 unum
1194 1642 1303 1667 omnes
1329 1634 1452 1675 populi,

233 1695 265 1727 3.
305 1692 393 1725 Nata
416 1695 544 1734 patrem
567 1692 615 1724 sie
638 1692 758 1733 genuit,
958 1694 989 1726 8.
1005 1692 1135 1725 Laudes
1161 1692 1274 1725 matris
1303 1692 1458 1725 infantuli

303 1741 476 1774 Hominem
503 1749 578 1773 ecce
600 1741 690 1773 Deus
713 1741 831 1774 induit,
1004 1740 1172 1774 Resonant
1193 1741 1229 1773 in
1253 1741 1417 1773 saeculum
1441 1739 1572 1772 saeculi.

231 1803 265 1834 4,
304 1799 362 1831 Vis
386 1801 524 1832 naturae
549 1798 726 1840 obstupuit,
958 1800 988 1833 9.
1002 1798 1202 1832 Plaudentes
1228 1807 1299 1831 eum
1324 1798 1469 1840 tripudio

302 1847 399 1880 Ratio
426 1850 553 1880 certans
579 1847 738 1881 occubuit.
1005 1847 1115 1880 Jubilo
1140 1847 1258 1880 mentis
1282 1847 1517 1880 amoenissimo.

232 1909 263 1940 5.
301 1906 420 1939 Tectus
445 1906 545 1938 armis
568 1905 659 1938 Deus
683 1905 804 1939 talibus
934 1906 1077 1940 10.Hoo
1102 1906 1215 1938 salutis
1241 1905 1274 1937 in
1301 1905 1434 1939 exordio

304 1954 446 1996 Spiculis
473 1954 582 1987 obstat
605 1953 788 1988 hostilibus,
1003 1953 1238 1987 Benedicamus
1262 1952 1413 1989 Domino,

306 2022 357 2050 W.
378 2036 414 2041 —
436 2021 517 2050 Eine
536 2022 658 2055 zweste,
681 2020 829 2049 durehaus
849 2020 1061 2049 verschiedene
1082 2021 1192 2049 Lesart
1213 2021 1264 2049 des
1286 2021 1380 2050 sehon
1403 2021 1480 2049 oben
1500 2021 1568 2048 mit-

231 2060 376 2098 geteilten
395 2060 498 2090 Rufes.

759 2178 870 2212 Oratio
893 2178 1062 2212 dominica.

230 2234 261 2267 1.
301 2233 412 2273 Pater,
443 2235 572 2266 creator
932 2234 965 2268 2.
1004 2232 1065 2272 Qui
1089 2241 1123 2265 es
1147 2232 1182 2264 in
1208 2231 1306 2265 coelis

352 2281 563 2323 divinissime,
1053 2279 1094 2314 In
1119 2280 1207 2313 omni
1235 2280 1349 2322 gioria,

301 2330 423 2364 Noster
448 2334 573 2363 amater
1001 2330 1163 2362 Miserere
1187 2328 1265 2361 filiis

349 2379 580 2420 zelantissime‚
1052 2379 1091 2412 In
1116 2377 1178 2410 hac
1202 2377 1345 2410 miseria.
