1655 2624
194 150 228 184 5.

748 53 988 89 -87—

267 149 316 183 Ob
342 149 405 183 hoc
429 159 591 192 supernae
615 152 760 193 praemio

267 198 331 231 Est
353 202 541 232 muneratus
567 200 695 241 patriae

269 246 448 289 Gestatque
473 256 596 281 summo
621 249 766 281 lauream

270 294 335 327 Suo
363 299 494 328 cruento
520 297 654 331 vertice.

267 352 348 392 Nos,
375 354 428 393 qui
452 362 614 387 meremur
641 354 779 395 denique
817 372 820 378 ·

267 401 349 441 Ejus
374 399 441 433 frui
468 402 664 442 praesentia,

266 448 429 481 Fruamur
456 458 522 481 una
545 450 663 490 gaudio

268 496 503 529 Sollemnitatis
528 497 646 530 indice.

273 572 399 601 F01.66
421 574 449 601 b.
472 587 509 592 -—
543 573 572 601 1.
602 574 618 601 2
647 572 735 601 Solus
739 582 795 609 que
820 572 898 600 festa
920 573 1029 601 clarior
1048 573 1180 602 laetifica
1201 576 1255 602 ete.
1276 575 1331 603 Hs.

899 152 930 186 7.
969 152 1017 185 Te
1044 152 1256 193 deprecamur
1281 151 1454 192 supplices,

900 356 932 389 8.

971 201 995 234 O
1024 204 1135 233 sancte
1162 200 1282 233 Christi
1305 198 1463 241 pontifex,

972 248 1035 281 Tui
1054 251 1207 289 precatus
1232 249 1361 281 veniam

970 296 1142 330 Nobismet
1167 295 1247 330 affer
1273 296 1417 330 coelitus,

971 354 1022 387 Sit
1045 354 1187 387 trinitati
1211 354 1354 395 simplici

970 402 1017 435 Et
1039 403 1157 435 unitati
1181 402 1307 444 triplici

970 450 1094 491 Honor,
1120 453 1276 492 potestas,
1303 450 1407 491 gloria

973 498 1038 530 Per
1061 497 1189 531 infinita
1213 499 1352 532 saecula.

1372 575 1431 603 Die
1451 575 1544 603 Stelle

196 611 274 640 liisst
293 611 427 639 mehr-ere
447 611 688 640 Emendationen
713 620 766 648 zu·
792 610 842 639 ich
862 611 958 640 wahle
979 612 1142 649 diejenige‚
1171 621 1204 639 w«
1210 612 1283 641 lohe
1302 613 1371 640 dem
1392 614 1432 642 W
1433 614 1544 642 ortlaut

194 650 249 678 des
271 651 381 679 Textes
403 659 470 678 zun·
463 650 548 677 'ichst
566 651 690 678 kommt.

194 919 228 954 1.

189 1122 224 1154 2.

188 1529 224 1561 4.

831 753 911 793 121.

738 838 825 871 Petri
854 839 885 870 et
905 840 1006 871 Pauli.

268 922 386 954 Pastor
411 921 523 961 bonuS,
550 920 623 953 fons
650 920 784 961 gratiae,

270 968 381 1001 Gratis
409 978 528 1009 magna
551 968 748 1010 pastoribus,

267 1017 392 1057 Tuique
420 1017 626 1058 plenitudine

267 1064 403 1097 Sumant
428 1067 460 1097 et
484 1064 531 1096 hii
558 1074 630 1097 cum
656 1063 779 1097 ovibus.

265 1123 469 1164 Pascantque
493 1131 551 1154 nos
577 1122 693 1155 summi
720 1122 817 1154 duces

264 1170 395 1204 Amoris
416 1173 454 1203 ut
478 1171 568 1211 signo
592 1171 698 1211 jubes,

265 1219 349 1258 Quos
379 1221 526 1260 praestat
549 1218 631 1253 haec
658 1218 812 1260 dignatio,

261 1267 353 1307 Quod
378 1276 437 1300 nos
464 1266 570 1300 emisti
593 1267 712 1308 pretio.

263 1325 313 1357 Tu
346 1326 475 1365 quaeris
501 1334 603 1368 ovem,
631 1333 713 1365 quae
738 1324 839 1366 perit,
898 1326 928 1358 7.

265 1372 483 1414 Gaudensque
508 1371 574 1406 fers
599 1374 631 1405 in
659 1373 813 1416 humeriS,

264 1421 333 1454 Nos
360 1423 496 1461 quaerat
518 1422 633 1454 horum
658 1421 763 1462 pietas

262 1470 346 1503 Oves
372 1470 450 1502 licet
481 1478 644 1502 erroneas.

262 1529 430 1569 Agnoscat
451 1528 538 1560 alter
565 1528 706 1560 creditas

260 1577 420 1617 Alterque
445 1575 545 1608 verbo
571 1576 707 1617 genitam,

260 1625 405 1665 Uterque
429 1633 491 1665 per
515 1624 718 1657 clementiam

260 1673 329 1706 Nos
355 1674 460 1707 solvet
485 1674 708 1714 apostolicam.

902 922 934 954 5.

899 1123 931 1156 6.

973 922 1034 960 Tu,
1060 921 1169 954 Petro.
1202 922 1291 962 eujus
1317 922 1423 962 pietas

971 968 1052 1000 Vult
1074 969 1243 1010 poenitere
1267 971 1319 1002 vel
1344 979 1482 1011 magum,

972 1016 1033 1055 Qui
1058 1017 1157 1049 solvis
1183 1016 1295 1050 orbem
1320 1020 1379 1049 aut
1402 1019 1495 1059 ligas,

970 1064 1039 1097 Nos
1064 1066 1154 1098 solve
1178 1065 1296 1098 vinclis
1323 1066 1503 1100 criminum.

972 1122 1030 1164 Tu,
1059 1122 1169 1165 Paule,
1197 1126 1308 1164 gentes
1333 1123 1477 1165 integras

970 1170 1032 1210 Qui
1056 1171 1199 1211 parturis
1225 1174 1258 1204 et
1282 1180 1426 1214 reparas,

969 1220 1039 1251 Fac
1063 1229 1121 1251 nos
1146 1220 1274 1252 renasci
1298 1219 1403 1260 venia,

970 1267 1121 1306 Quamvis
1147 1267 1280 1300 aborsos
1307 1268 1453 1301 cn'mine.

968 1325 1069 1358 Dives
1098 1325 1343 1358 misericordiae

967 1374 1033 1406 Per
1058 1383 1137 1414 quos
1162 1374 1252 1406 Deus
1277 1374 1427 1411 innotuit,

968 1422 1034 1455 Per
1058 1431 1116 1455 vos
1141 1425 1174 1453 et
1199 1422 1268 1459 ejus
1295 1422 1389 1462 copia

968 1469 1097 1502 Nostris
1122 1468 1204 1502 fluat
1227 1470 1380 1503 miseriis.

966 1528 1032 1560 Per
1056 1536 1114 1561 vos
1139 1527 1425 1570 peregrinantibus

968 1576 1088 1609 Tutum
1113 1576 1156 1608 sit
1179 1577 1244 1609 iter
1271 1580 1302 1609 et
1327 1576 1425 1618 salus,

968 1624 1081 1657 Salvos
1112 1625 1207 1657 simul
1233 1634 1312 1666 quos
1339 1625 1447 1657 ducite

968 1672 1107 1706 Cunctos
1131 1674 1254 1707 solutos
1281 1673 1426 1708 crimine.

641 1742 672 1774 9.
700 1740 770 1773 Deo
795 1741 885 1781 patri
910 1742 952 1774 sit
978 1740 1093 1782 gloria.

263 1817 328 1845 Fol.
351 1816 386 1844 67
409 1826 437 1845 a.
461 1832 498 1836 —
520 1819 551 1850 5,
583 1818 599 1845 2
626 1825 768 1853 magnmn
795 1818 850 1846 Hs.

184 1857 448 1893 peregrinantibus
468 1856 524 1884 Hs.
547 1857 571 1886 O
595 1859 669 1885 statt
687 1856 720 1884 P.

816 1950 897 1992 122.

881 1833 920 1838 -—
941 1819 973 1852 6,
1002 1818 1018 1845 3
1047 1819 1169 1846 veniam
1189 1817 1246 1845 Hs.
1276 1832 1310 1836 —
1335 1817 1366 1852 8,
1399 1819 1413 1847 1
1436 1818 1460 1847 O
1484 1826 1529 1846 vo:

557 2038 601 2070 De
622 2037 835 2070 decollatione
861 2037 971 2071 Sancti
991 2037 1157 2070 Johannis.

181 2121 216 2155 1.
255 2120 321 2153 Hic
344 2119 520 2163 JohanneS,
545 2120 629 2152 mire
654 2121 750 2153 natus

303 2169 344 2202 de
367 2169 462 2201 senili
490 2168 622 2210 viscere,

256 2220 343 2251 Ante
362 2217 507 2258 judicem
534 2218 735 2259 prophetans

304 2275 399 2307 quam
424 2267 467 2299 sit
491 2266 593 2299 index
617 2266 734 2306 editus,

254 2314 379 2348 Praeiit
402 2314 567 2348 nascendo
595 2315 769 2359 Christum,

302 2364 423 2404 praeiit
447 2366 480 2396 et
503 2367 659 2399 mortuuS.

886 2122 918 2154 2.
957 2120 1050 2152 Tunc
1069 2121 1133 2153 tori
1159 2120 1234 2153 vino
1259 2120 1405 2161 repletus

1008 2169 1196 2210 sanguinem
1218 2168 1313 2209 jubet
1336 2167 1402 2208 flui,

959 2217 1066 2257 Quare
1091 2220 1238 2258 stuprum
1266 2217 1374 2250 caedit
1399 2218 1508 2251 audax

1010 2266 1187 2307 conjugalis
1217 2266 1369 2309 criminis,

959 2314 1025 2348 Sed
1049 2324 1175 2347 sacram
1201 2315 1299 2347 sumit
1325 2323 1475 2349 coronam

1006 2363 1172 2396 laureatus
1198 2363 1311 2404 gloria.
