1655 2624
664 52 900 88 -86—

741 156 824 196 118.

577 242 621 273 De
643 240 824 274 ascensione
851 240 986 273 Domini.

115 325 148 357 1.
188 324 331 356 Aeterne
355 332 414 356 rex
438 323 604 364 altissime,

186 371 348 404 Scandens
379 371 521 405 tribunal
552 371 706 403 dexterae

185 420 302 459 Patris,
332 419 382 451 cui
403 428 511 451 rerum
536 419 686 452 machina

183 466 304 500 Flectit
330 476 414 509 genu
436 468 501 508 jam
527 467 667 501 subdita.

112 526 145 557 2.
185 524 244 564 Tu,
273 523 410 564 Christe,
437 528 582 557 nostrum
599 524 752 566 gaudium
810 526 843 558 4.

182 571 319 604 Manens
346 572 482 613 Olympo
507 573 701 613 praeditum,

182 619 298 652 Mundi
320 620 405 662 regis
431 620 486 661 qui
510 620 678 665 fabricam,

182 668 349 700 Mundana
374 668 506 700 vincens
530 669 658 709 gaudia.

815 325 848 357 3.
884 322 972 355 Hinc
995 325 1029 354 te
1052 323 1224 363 precantes
1250 330 1453 363 quaesumus,

883 371 1019 412 Ignosce
1045 370 1148 410 culpis
1174 369 1322 403 omnibus

883 418 929 451 Et
954 418 1054 451 corda
1079 427 1206 451 sursum
1231 417 1367 451 subleva

881 466 935 500 Ad
961 469 994 499 te
1017 475 1159 508 superna
1183 466 1297 507 gratia.

882 525 928 558 Ut
954 533 1025 557 cum
1051 523 1187 557 rubente
1213 524 1358 565 coeperis

884 573 1016 606 clarere
1046 571 1132 605 nube
1154 572 1286 616 judicis,

880 621 1005 654 Poenas
1030 621 1171 662 repellas
1199 621 1336 661 debitas,

882 668 1014 701 Reddas
1041 678 1176 702 coronas
1202 669 1360 710 perditas.

517 738 549 769 5.
588 735 700 768 Gloria
730 735 801 776 tibi,
827 735 974 778 Domine,

588 783 649 823 Qui
673 783 805 816 scandis
831 792 929 823 super
953 784 1073 827 sidera,

588 832 668 865 Cum
692 834 799 872 patre,
826 834 938 864 sancto
964 831 1081 872 spiritu

583 879 623 911 In
647 880 846 919 sempiterna
870 879 1010 914 saecula.

183 952 248 982 Fal.
276 953 311 982 66
340 962 367 981 a.
387 968 424 973 -—-
445 953 523 982 Dan.
542 954 567 981 Ι.
598 953 662 983 196.
682 969 719 974 -
741 955 774 990 2,
802 955 818 982 2

844 956 1012 992 praeditum
1031 957 1105 984 statt
1123 956 1175 985 des
1195 956 1340 985 iibliehen
1359 966 1443 994 prae-

110 992 216 1027 mium3
239 992 286 1020 die
306 992 586 1028 Inte2·1inea1-glc0se
605 994 682 1020 setzt
701 993 745 1021 als
767 993 967 1022 erlau‘semdes
988 994 1193 1031 synonymum
1214 994 1372 1024 firmatum.

735 1086 816 1127 119.

628 1171 672 1203 Dc
696 1173 808 1204 sancta
829 1181 930 1205 cruce.

107 1249 139 1283 1.
181 1249 312 1291 Signum
338 1250 441 1282 crucis
467 1250 616 1284 mirabile

180 1298 263 1330 Olim
288 1306 348 1338 per
373 1297 482 1331 orbem
506 1300 660 1339 renitens,

177 1343 219 1377 In
243 1354 306 1385 qua
330 1346 486 1386 pependit
510 1347 663 1379 innocens

181 1392 338 1433 christu&
366 1394 553 1433 redemptor
578 1395 726 1428 omnium.

108 1451 139 1482 2.
177 1450 270 1482 Haec
295 1450 392 1483 arbor
418 1454 466 1483 est
490 1451 659 1485 sublimior

179 1497 293 1530 Cedris
330 1498 429 1531 habet
453 1508 530 1539 quas
552 1499 708 1544 Libanus⁷

180 1545 267 1585 Quae
291 1555 386 1587 poma
410 1547 512 1579 nescit
537 1548 634 1581 noxia

178 1593 244 1627 Sed
273 1592 361 1627 ferre
383 1594 471 1627 vitae
493 1597 647 1635 praemia..

806 1253 837 1287 3.
878 1252 937 1294 Tu,
966 1254 1103 1297 Christe,
1128 1264 1186 1287 rex
1210 1256 1367 1299 piissime,

877 1300 982 1342 Hujus
1010 1303 1113 1334 crucis
1139 1304 1305 1345 signaculo

877 1348 987 1390 Horis,
1013 1352 1184 1384 momentis
1208 1353 1356 1386 omnibus

877 1396 1008 1429 Munire
1032 1407 1090 1430 nos
1116 1408 1180 1431 non
1206 1400 1339 1436 abnuas,

834 1479 840 1486 .
878 1453 925 1486 Ut
949 1463 1005 1486 ore
1034 1455 1095 1488 tibi
1122 1465 1260 1490 consono

877 1501 923 1534 Et
948 1504 1046 1535 corde
1071 1504 1278 1538 devotissimo

878 1550 1040 1583 Possimus
1063 1553 1149 1584 omni
1173 1556 1320 1595 tempore

876 1597 1006 1631 Laudes
1035 1599 1161 1633 referre
1187 1602 1324 1638 debitas,

547 1663 694 1704 Praesta,
722 1667 816 1704 pater
844 1664 999 1705 piissime.

191 1735 256 1764 Fol.
278 1737 314 1766 66
334 1737 363 1765 b.
384 1752 422 1757 -—
442 1738 532 1766 Mene
554 1739 599 1765 77.
619 1755 658 1759 —-
681 1740 704 1774 1,
728 1739 743 1767 3
764 1740 892 1777 pependi
915 1742 970 1770 Hs.

735 1833 816 1875 120.

512 1918 557 1950 De
576 1920 687 1951 saneto
708 1918 879 1953 Sacerdote
898 1921 1044 1962 hymnus.

107 1996 140 2030 1.
180 1995 326 2037 Benigne.
348 1997 442 2030 nobis
466 1999 565 2032 hodie

180 2043 299 2077 Christi
324 2044 465 2086 refulget
489 2047 603 2086 gratia,

179 2091 325 2133 Solisque
348 2092 434 2126 festa
460 2094 577 2127 clarior

176 2139 347 2174 Laetificat
372 2150 430 2174 nos
453 2142 579 2182 jubare.

106 2199 137 2233 2.
175 2197 238 2230 Die
266 2199 325 2231 sub
350 2199 413 2231 isto
438 2200 596 2240 praesulis

177 2246 362 2280 Sacerdotis
387 2256 461 2280 nam
485 2248 618 2288 spiritus

173 2294 327 2328 Tetendit
351 2299 440 2328 astra
466 2297 573 2329 cuneis

173 2342 218 2375 Et
241 2343 360 2377 mixtus
387 2347 435 2377 est
460 2345 623 2385 angelicis.

805 2004 836 2036 3.
876 2003 942 2035 Hic
965 2004 1053 2037 intra
1076 2006 1172 2046 hujus
1197 2008 1296 2040 noxia

877 2050 982 2084 Saecli
1008 2053 1133 2087 locatus
1159 2056 1280 2095 gaudia

876 2098 939 2132 Dei
964 2101 1089 2133 valeret
1113 2103 1297 2143 transgredi

877 2146 957 2180 Cum
979 2149 1081 2190 jussa,
1108 2159 1226 2192 nempe
1249 2152 1366 2186 noluit.

831 2231 837 2238 .
877 2203 943 2237 Sed
967 2206 1054 2240 mitis
1080 2211 1178 2249 atque
1203 2210 1329 2244 sobrius

875 2252 956 2293 Ejus
982 2263 1119 2296 sequens
1145 2258 1284 2300 vertigia

875 2301 953 2336 Fuit
978 2306 1011 2335 et
1034 2304 1126 2338 miris
1147 2306 1262 2340 sedule

876 2348 1090 2391 Resplenduit
1115 2356 1284 2398 prodigiis.
