1655 2624
554 189 598 221 De
617 188 792 221 nativitate
814 185 946 218 Domini.

94 253 129 286 1.
165 252 196 284 A
221 253 315 291 patre
339 248 520 289 unigenitus
788 245 821 278 4.
860 243 959 276 Mane
983 241 1161 282 nobiscum,
1189 240 1337 279 Domine,

164 299 218 332 Ad
243 307 301 330 nos
326 296 415 329 venit
436 305 496 335 per
518 295 686 335 virginem,
862 291 1038 324 Obscuram
1063 291 1191 321 noctem
1215 295 1395 327 removens,

163 345 331 386 Baptisma
360 352 453 376 cruce
479 351 680 383 conseerans,
861 339 964 372 Omne
989 338 1144 371 delictum
1169 336 1276 373 ablue,

166 394 303 427 Cunctos
327 392 440 425 fideles
465 400 632 433 generans.
861 388 951 421 Piam
982 385 1142 419 medelam
1167 385 1283 417 tribue.

93 453 126 484 2.
164 452 214 484 De
240 451 327 483 coelo
354 450 457 482 celsus
482 448 636 490 prodiens
790 450 821 481 5.
862 445 960 485 Quem
983 444 1051 485 jam
1076 443 1204 476 venisse
1229 441 1387 482 novimus,

163 499 302 539 Excepit
324 497 458 530 formam
483 496 631 536 hominis,
860 494 982 527 Redire
1006 493 1084 525 item
1111 491 1284 531 credimus,

164 547 337 580 Facturam
362 549 464 578 morte
489 545 660 587 redimens,
862 541 1032 583 Sceptrum
1057 542 1210 581 tuumque
1233 538 1392 579 inclitum,

167 594 294 628 Gaudia
317 595 385 626 vita
409 593 549 627 rediens.
859 590 965 623 Tuum
992 588 1133 621 defende
1158 588 1309 628 clipeum.

92 654 125 686 3.
162 652 235 685 Hoc
252 654 293 694 te,
320 652 516 691 redemptor,
542 659 732 691 quaesumus
790 650 823 682 6.
862 647 977 680 Gloria
999 647 1071 686 tibi,
1099 645 1239 689 domine,

165 700 315 734 Inlabere
344 699 502 740 propitius
862 695 923 734 Qui
947 699 1041 728 natus
1069 703 1102 727 es
1130 695 1171 727 de
1195 693 1332 734 virgine,

167 748 358 789 Clarumque
386 747 504 779 nostris
532 745 682 779 cordibus
864 742 942 777 Cum
968 746 1063 784 patre
1088 746 1121 775 et
1145 743 1229 775 almo
1253 741 1373 782 spiritu

164 796 287 828 Lumen
311 794 432 836 praebe
455 793 616 827 fidelibus.
862 792 927 825 Per
951 792 1150 831 sempiterna
1173 790 1313 823 saecula.

170 861 232 889 Fol.
248 861 282 889 60
294 862 323 889 b.
345 875 382 879 ——
401 861 480 888 Dan.
490 860 542 889 IV.
567 860 634 896 1513
655 860 747 887 Mone
762 859 807 887 59.
828 874 865 878 —
888 859 912 889 1,
929 858 945 886 3
960 865 1077 885 crucem
1091 858 1145 885 Hs.
1168 871 1205 876 --
1226 856 1251 891 2,
1269 856 1284 883 3
1302 856 1433 885 Factum

95 900 150 928 Hs.
171 913 210 918 ——
231 901 256 934 5,
284 900 295 927 1
319 899 384 933 Que
402 899 457 927 Hs.

723 952 803 993 108.

658 1013 705 1046 Ad
723 1014 874 1046 Tertiam.

95 1073 129 1106 1.
166 1073 261 1105 Nunc
283 1072 353 1113 tibi,
381 1071 518 1113 Christe,
790 1073 823 1105 2.
863 1071 888 1104 O
914 1070 1002 1103 Deus
1034 1070 1119 1102 alme

170 1120 319 1153 Carmina
342 1121 437 1162 laeta,
863 1118 1145 1158 Omnipotensque‚

167 1168 296 1201 Laudes
323 1176 472 1201 canamus
862 1166 955 1199 Mitis
976 1166 1106 1206 ubique,

167 1217 303 1249 Pectore
326 1218 393 1248 toto
861 1214 1001 1255 Magnus
1025 1214 1060 1245 in
1086 1213 1154 1245 alta

167 1264 339 1304 Menteque
363 1273 456 1304 pura,
864 1262 950 1295 Sede
973 1262 1131 1304 polorum,

170 1312 308 1352 Perpete
331 1315 416 1344 voto,
863 1309 985 1343 Nostra
1008 1309 1130 1351 petisti.

559 1370 590 1402 3.
632 1367 745 1400 Gloria
773 1367 869 1410 patri,

632 1415 743 1449 Gloria
767 1419 853 1458 nato,

634 1463 748 1496 Gloria
770 1466 881 1496 sancto

633 1511 779 1554 Spiritui,
803 1511 859 1552 qni
891 1507 956 1555 (es)

635 1558 766 1592 Summa.
789 1561 943 1599 potestas,

636 1605 773 1640 Sanctus
798 1607 832 1640 in
857 1615 981 1640 aevum.

183 1664 248 1692 12³1.
270 1664 303 1693 61
327 1673 353 1693 a.
377 1678 412 1683 ——
435 1664 460 1699 3,
481 1666 502 1693 4
520 1663 574 1692 hat
601 1665 668 1691 eine
680 1660 764 1692 Silbe
784 1672 821 1691 zu
841 1663 910 1698 viel,
934 1671 964 1691 es
985 1664 1029 1692 sei
1051 1663 1136 1698 deun,
1161 1663 1226 1692 dass
1243 1663 1371 1701 Spiritui
1392 1664 1438 1692 als

108 1703 265 1739 dreisilbig
284 1703 423 1740 gegolten
441 1703 533 1731 hatte.

733 1765 816 1807 109.

470 1828 507 1860 In
527 1827 770 1861 annuntiatione
789 1828 924 1861 Sanctae
942 1828 1074 1861 Mariae.

105 1888 138 1920 1.
163 1886 262 1927 Deus,
290 1887 344 1927 qui
366 1887 521 1918 mnndum
542 1886 676 1918 crimine
689 1887 739 1926 ja·
801 1887 833 1920 3.
860 1886 958 1920 Coelo
979 1886 1129 1918 dimissus
1151 1886 1287 1920 Gabriel
1303 1888 1443 1921 salntem

436 1937 561 1966 centem
860 1935 900 1967 In
924 1933 1103 1967 Galilaeam
1132 1935 1252 1976 virgini
1277 1936 1405 1977 detulit,

161 1980 240 2013 Ὴ1111
269 1982 317 2013 tui
343 1990 438 2014 carne
463 1982 624 2025 relevasti,
862 1981 1023 2015 Gaudium
1045 1984 1166 2014 certum
1183 1984 1336 2017 nuntiare
1354 1986 1443 2018 venit

162 2028 208 2060 Et
229 2030 392 2062 veternosi
415 2028 535 2069 perfidi
558 2030 718 2070 serpentis
948 2030 1072 2062 Mundo
1095 2033 1276 2066 venturum.

248 2077 344 2110 Nom
370 2077 502 2117 &0188113
803 2089 835 2121 4.
861 2087 991 2119 Dudum
1022 2087 1090 2128 jam
1125 2087 1217 2129 virgo
1249 2090 1448 2131 desponsata.

107 2137 140 2168 2.
165 2135 318 2176 Mortem,
336 2144 431 2176 quam
449 2135 569 2167 dudum
583 2133 656 2167 Eva
666 2143 743 2174 pro-
1137 2140 1217 2181 erat,

436 2182 571 2226 pinax-it,
862 2184 1025 2223 Perquam
1039 2181 1161 2217 famoso
1175 2186 1295 2218 annulo
1308 2188 1446 2228 pudoris

168 2232 290 2264 Ventre
314 2231 408 2264 beato
434 2230 575 2271 Virginis
600 2228 730 2271 fugasti,
863 2231 1004 2274 Joseph‚
1044 2231 1099 2272 qui
1133 2242 1296 2275 nunquam
1331 2237 1446 2277 copula

165 2280 220 2312 Ad
235 2288 349 2319 preces
366 2283 493 2312 nostras
510 2288 603 2311 aures
614 2277 745 2318 pietatis
1134 2282 1238 2323 jngstfi

251 2328 340 2360 Tuae
365 2328 497 2361 reclina.
951 2328 1094 2369 Corpore
1119 2332 1228 2371 gessit.
