1655 2624
142 669 172 694 O-

677 78 938 113 —132—

215 173 289 206 Non
320 174 488 207 credentes
509 174 550 206 ab
577 183 687 207 errore

262 222 428 254 Revocare
452 222 627 262 nitebatur,

266 270 355 302 Sicut
381 269 468 307 fecit,
493 273 531 301 ut
555 273 702 311 testatur,

215 317 295 357 Ejus
318 318 387 351 vita
410 318 508 357 plena
535 327 609 350 rore

262 364 459 405 Sanctitatis,
484 368 655 398 revocatur

262 412 368 445 Multa
392 421 470 453 gens
496 416 527 445 et
552 413 755 456 baptizatur;

213 460 300 492 Hinc
322 461 448 502 Aegeas
472 461 541 493 ursi
564 470 654 493 more

214 508 347 548 Insanit,
373 509 487 549 plenus
509 508 628 549 furore,

262 555 347 588 Crux
372 566 482 589 amara
506 560 728 597 praeparatur,

258 603 305 636 Ut
327 605 477 636 Andreas
503 606 730 645 suspendatur.

212 660 291 693 Visa
316 670 410 694 cruce
431 662 499 702 jam
524 663 652 703 gavisus

257 708 314 741 Fit
338 709 487 742 Andreas
513 711 600 742 laeta
623 714 741 751 mente,

257 756 303 789 Et
328 766 398 789 cum
424 758 529 791 animo
555 757 702 791 fervente

212 803 333 844 Sponte
356 806 441 837 velle
464 807 547 838 mori
571 806 669 846 visus,

257 851 353 885 Salve
379 862 467 894 crux,
494 854 540 886 ait
564 857 708 895 repente,

255 900 292 932 In
319 910 382 941 qua
407 902 534 935 Christo
558 903 717 934 moriente

208 947 270 980 Est
294 951 424 988 apertus
449 950 630 990 paradisus,

208 995 252 1028 Et
279 995 372 1028 datus
396 1006 456 1036 pro
481 998 570 1029 luctu
593 998 694 1043 risus3

256 1043 310 1075 Ad
338 1053 462 1076 crucem
488 1055 552 1078 non
572 1046 673 1078 currit
688 1047 777 1079 lente

256 1091 355 1124 Vultu
380 1093 475 1135 laeto,
502 1103 566 1125 11011
591 1094 733 1127 1111101110.

842 177 873 208 7.
913 173 1059 205 Fuuibus
1083 174 1178 207 simul
1205 175 1360 207 contortis

960 221 1126 262 Alligatur
1156 223 1248 255 cruci
1274 222 1376 263 dirae-2

960 269 1007 302 Et
1032 270 1108 302 dum
1133 273 1245 311 gentes
1269 271 1431 311 impedi-rc·

914 318 1044 350 Vellent
1067 327 1205 359 poenam
1231 328 1309 351 suae
1336 319 1478 357 mortis&

958 366 1109 398 Tendens
1134 366 1339 407 praedicavit
1361 367 1456 407 mire⁷

958 414 1133 454 Praecepit
1157 424 1211 446 eas
1236 415 1337 458 abire,

909 462 1013 494 Deum
1038 465 1075 494 ut
1099 463 1223 494 athleta
1248 461 1353 506 fortis,

909 510 954 542 Et
980 510 1101 542 clarum
1130 520 1151 543 a
1176 511 1258 544 coeli
1282 511 1386 551 portis

957 558 1080 591 Lumen
1109 559 1213 591 visum
1238 562 1287 591 est
1313 559 1434 599 venire,

959 606 1046 638 Dum
1068 607 1168 640 vitam
1195 608 1302 648 coepit
1327 606 1433 641 fiuire.

839 665 870 698 8.
911 663 965 695 Sic
988 664 1123 696 intravit
1148 668 1260 705 portas
1286 665 1365 708 poli,

955 711 1022 745 Ubi
1046 713 1143 745 modo
1169 713 1353 754 requiescit,

957 759 1027 791 Nec
1051 769 1115 792 non
1140 762 1234 793 timet
1255 770 1317 793 nec
1334 762 1483 802 pavescit

908 807 1001 840 Ullas
1026 817 1147 848 poenas
1170 809 1264 846 hujus
1290 810 1362 850 soli,

955 855 1062 896 MQis
1088 858 1274 889 contristari
1298 858 1413 899 nescit,

955 903 1019 936 Sed
1046 912 1117 935 cum
1143 905 1292 937 claritate
1318 906 1436 937 crescit

905 950 1100 991 Conjunctus
1126 952 1253 985 Mariae
1277 954 1362 993 proli

906 999 1062 1032 Radianti
1087 1009 1219 1040 compar
1243 1001 1316 1042 soli,

955 1047 1089 1087 Quando
1111 1048 1197 1080 lucet
1217 1052 1249 1081 et
1267 1050 1479 1091 splendescit:

953 1095 998 1128 Ut
1026 1096 1060 1128 in
1086 1099 1209 1129 aestate
1236 1098 1428 1131 consuescit.

215 1156 279 1184 1³01.
302 1159 338 1185 94
359 1166 384 1186 a.
404 1172 443 1177 —
464 1160 489 1187 5.
516 1160 526 1187 1
553 1160 640 1187 Nunc
660 1161 811 1190 credentes
836 1163 891 1190 Hs.
914 1177 952 1182 —
975 1162 1001 1197 8,
1024 1162 1041 1190 5
1061 1163 1212 1191 Radiante
1235 1163 1288 1192 Hs.

776 1246 832 1285 14.

710 1322 739 1353 S.
760 1321 890 1354 Nicolai.

137 1389 165 1420 1.
205 1387 254 1421 De
278 1389 341 1428 piis
366 1389 530 1422 miraculis

252 1435 296 1467 Et
320 1437 388 1469 vita
411 1437 508 1470 beata

205 1483 332 1516 Nicolai
358 1486 527 1526 praesulis,

832 1395 862 1427 4.
903 1392 1059 1426 Crescens
1089 1397 1160 1435 eget
1186 1404 1287 1435 opera

951 1440 1086 1482 Semper
1109 1443 1213 1475 bonae
1237 1445 1296 1484 rei7

206 1532 350 1571 Qualiter
373 1533 406 1565 in
432 1534 569 1566 saeculis

250 1580 328 1613 Fuit
351 1581 523 1621 illustrata,

202 1627 297 1661 Mens
321 1629 382 1661 mis
407 1632 456 1661 est
479 1634 592 1663 conata

205 1675 355 1709 Scribere
380 1677 550 1710 clericulis.

147 1741 150 1753 ¹
202 1731 319 1766 Gestus
347 1735 442 1767 nimis
468 1736 571 1779 ardui,

250 1781 354 1814 Nimis
380 1792 504 1824 quoquo
528 1784 613 1825 miri,

202 1828 276 1861 Xon
297 1833 462 1863 merentur
486 1832 597 1873 respui

203 1876 366 1910 Praesulis
390 1881 457 1911 tam
482 1881 606 1912 strenui

250 1925 330 1957 Tam
357 1928 524 1968 sanctique
547 1929 629 1967 viri;

252 1973 352 2014 Haec,
378 1977 414 2006 ut
438 1976 564 2015 possint
588 1977 675 2017 sciri,

201 2021 350 2054 Pandere
373 2024 537 2063 proposui.

130 2081 161 2112 11.
198 2078 331 2111 Excolis
353 2079 501 2119 Jejunia?

246 2126 368 2159 Mirum
394 2127 465 2160 dico
490 2128 568 2161 tibi:

199 2175 283 2208 Dum
309 2175 428 2216 ligatur
453 2175 564 2215 fascia,

246 2223 320 2255 Xon
346 2226 395 2256 est
420 2233 519 2257 coena
542 2224 600 2258 fibi

199 2271 350 2310 Qualibet
372 2272 407 2304 in
432 2271 525 2314 feria,

198 2319 372 2352 Voluntate
394 2322 530 2362 propria

247 2367 303 2400 Bis
328 2373 478 2410 correpta
500 2370 572 2403 sibi.

902 1484 1007 1529 Hujus
1031 1491 1146 1523 mundi
1171 1500 1329 1532 prospera

949 1538 1178 1578 Displicebant
1203 1540 1242 1582 ei,

903 1584 997 1626 Legit
1021 1587 1146 1627 scripta
1173 1591 1295 1629 vetera,

904 1632 1020 1665 Colens
1045 1635 1131 1667 inter
1157 1639 1265 1668 cetera

950 1681 1141 1715 Doctrinale
1166 1683 1239 1718 Dei.

832 1741 863 1772 5.
902 1739 984 1771 Auri
1011 1748 1081 1771 cum
1107 1742 1293 1775 muneribus

952 1786 1051 1820 Juvat
1073 1798 1215 1831 aegrum,
1244 1792 1299 1832 qui
1330 1793 1376 1825 dee

903 1834 976 1867 Suis
1003 1835 1066 1868 fuit
1088 1839 1249 1879 partibus,

952 1885 1161 1927 (qualiterque
1184 1886 1252 1920 fide

904 1930 1059 1965 Liberata
1085 1935 1202 1967 vilibus

903 1978 1057 2022 Nympha
1081 1984 1188 2023 stupri
1212 1985 1377 2025 sordibus⁷

949 2028 1029 2061 Post
1052 2032 1223 2070 praedicta
1247 2034 1333 2067 vide.

829 2086 860 2119 6.
902 2085 993 2118 Vixit
1019 2095 1090 2119 cum
1115 2090 1277 2123 munditia

949 2133 1025 2167 Sine
1051 2137 1147 2177 culpa
1170 2138 1266 2180 labis,

898 2182 1064 2216 Meditans
1088 2185 1244 2219 coelestia

947 2230 1129 2265 Removens
1155 2243 1211 2267 cor
1237 2236 1278 2268 ab
1305 2237 1370 2281 his⁷

900 2278 988 2318 Quae
1008 2284 1084 2313 sunt
1107 2284 1221 2316 mundi
1245 2286 1385 2330 gaudia„

899 2326 1009 2367 Ipsius
1035 2331 1198 2371 magnalia

949 2375 1039 2409 Haec
1058 2378 1120 2410 tibi
1143 2380 1296 2419 sig-nabis-
