1655 2624
140 177 173 210 3.
215 175 295 208 Cum
318 173 491 214 accepissit
514 172 641 212 lapides
838 172 868 203 5.
907 169 999 203 Haeo
1024 175 1163 208 namque
1190 166 1271 199 dixit
1297 164 1457 198 Dominus

212 223 362 256 Jaotante
389 222 430 254 de
453 219 660 259 torrentibus,
910 217 1012 250 Paulo
1037 215 1185 256 pergenti
1211 213 1389 247 Damasco:

214 270 308 303 Genu
331 268 483 302 flectebat
510 268 638 301 domino
911 264 992 306 Ego,
1019 264 1134 304 inquit,
1161 266 1194 295 te
1218 262 1401 303 perderem,

211 319 313 352 Orans
336 326 396 358 pro
422 314 726 357 transgressoribus,
913 312 986 346 Nisi
1012 313 1138 345 orasset
1163 311 1357 351 Stephanus

139 398 172 430 4.
209 396 282 428 Jam
307 394 427 428 Paulus
454 402 585 426 servans
612 392 754 425 vestibus
837 393 868 426 6.
905 390 1046 431 Mai-tyr,
1073 389 1174 423 levita
1197 388 1363 428 Stephane

209 443 286 476 Fuit
309 441 459 481 martyrii
485 441 641 482 conscius,
909 439 987 472 Cum
1013 439 1107 471 beato
1134 436 1292 477 apostolo,

211 491 309 530 Quem
334 490 407 530 ipsa
430 489 498 530 ejus
525 489 642 521 caritas
907 489 1026 521 Preces
1053 485 1181 519 fundite
1205 485 1344 524 domino,

208 539 334 581 Erexit,
363 546 432 569 cum
458 540 689 577 prosterneret.
908 534 953 569 Ut
979 544 1037 568 nos
1063 534 1229 567 vobiscum
1255 533 1367 565 societ.

519 616 549 646 7.
587 613 737 646 Praestet
758 616 790 645 et
814 614 887 654 ipsa
911 612 1053 652 trinitas,

590 661 693 700 Quam
716 663 752 694 tu
776 660 891 694 vidisti
914 660 1021 701 unica,

589 710 689 742 Pater
716 711 848 750 ejusque
873 707 969 746 filius,

590 758 730 798 Spiritus
757 761 886 790 sanetus
914 757 1071 790 dominus-

220 833 288 862 Fol.
310 834 324 860 7
348 841 366 861 a
386 841 429 868 sq.
509 835 536 867 4,
559 832 576 859 2
596 834 721 867 martyri
741 832 796 861 Hs.
817 847 856 853 ——
878 833 903 866 7,
925 830 1059 865 2sQuam
1081 834 1114 859 tu
1134 830 1239 858 vidisti
1258 831 1345 858 unita
1365 829 1420 857 Hs.

603 1011 638 1043 In
662 1011 828 1044 matutinis
849 1010 1009 1043 laudibus.

140 1085 172 1118 1.
209 1084 373 1124 Hymnum
401 1091 548 1115 canamus
575 1082 722 1122 Domino,
838 1083 869 1117 3.
909 1083 1047 1126 Christo,
1077 1082 1163 1122 quod
1187 1082 1308 1114 mundo
1334 1082 1472 1124 genitus,

208 1132 372 1172 Hymnum
398 1132 534 1171 martyri
560 1130 735 1174 Stephano,
909 1130 1083 1173 Stephano,
1112 1130 1187 1171 quia
1210 1133 1367 1170 mortuuS,

212 1179 338 1212 Christo
364 1181 398 1210 ut
425 1179 493 1219 regi
520 1179 670 1217 omnium,
909 1178 1048 1220 Christo,
1076 1178 1162 1219 quod
1187 1179 1288 1211 vitam
1307 1178 1452 1218 contulit,

211 1227 373 1267 Stephano
399 1230 434 1258 ut
460 1227 564 1266 primo
589 1229 736 1266 martyri.
906 1226 1472 1270 Stephano,quodmortempertulit.

140 1306 171 1337 2.
212 1303 339 1336 Christo
363 1306 397 1334 ut
422 1304 526 1344 patris
550 1304 654 1343 unico,
836 1305 867 1336 4.
909 1302 1047 1344 Christo,
1075 1304 1151 1344 quia
1176 1303 1399 1343 descenderat,

212 1351 376 1390 Stephano
401 1354 437 1383 ut
461 1352 646 1392 vernaculo,
906 1350 1082 1391 Stephano,
1108 1352 1196 1392 quod
1220 1352 1424 1392 ascenderat,

208 1399 336 1432 Christo
362 1398 432 1432 'Deo
459 1402 489 1430 et
515 1399 646 1440 homini,
908 1399 1047 1440 Christo,
1075 1400 1161 1440 quod
1185 1402 1291 1432 terras
1315 1399 1406 1444 adiit,

207 1446 370 1488 Stephano
395 1452 430 1479 ut
456 1450 567 1480 saneto
589 1447 720 1481 homini.
907 1447 1083 1487 Stephano,
1109 1448 1197 1489 quod
1222 1448 1330 1480 coelos
1354 1448 1461 1487 petiit.

494 1526 525 1557 5.
565 1523 651 1556 Laus
677 1524 767 1564 patri
791 1524 835 1556 sit
859 1524 1013 1565 ingenito,

563 1571 650 1604 Laus
676 1571 780 1612 patris
800 1573 976 1612 unigenito,

562 1619 649 1652 Laus
675 1620 719 1652 sit
743 1623 855 1652 saneto
882 1620 1022 1661 spiritui,

564 1667 668 1701 Tanto
694 1668 875 1709 praestanti
899 1669 1045 1709 martyri.

210 1742 274 1770 Fol.
294 1743 309 1769 Ἰ
332 1743 361 1770 b.
381 1759 419 1762 ---
441 1742 469 1780 1,
489 1744 508 1771 4
528 1745 659 1779 martyre
680 1744 736 1772 Hs.
759 1758 794 1762 —
817 1744 842 1779 3,
868 1744 878 1771 1
904 1745 1023 1780 genitur
1043 1743 1095 1772 Hs.
1120 1758 1160 1764 —-
1182 1745 1207 1780 5,
1230 1746 1248 1774 4
1266 1748 1408 1781 martyre.

774 1836 833 1877 27.

447 1923 483 1955 111
503 1922 724 1964 purificatione
744 1923 773 1956 S.
795 1923 916 1956 Mariae
938 1924 979 1956 ad
998 1933 1160 1966 vesperas.

135 1994 167 2027 1.
209 1994 308 2033 Quem
333 1996 431 2036 terra,
457 1999 584 2035 pontus,
612 1995 754 2036 aethera,
834 1998 866 2030 3.
906 1997 1070 2029 Mirantur
1097 2006 1172 2038 ergo
1198 1998 1338 2030 saecula.

207 2042 334 2081 Colunt,
362 2042 509 2082 adorant,
535 2043 737 2083 praedicant,
907 2045 999 2084 Quod
1025 2046 1158 2085 angelus
1184 2045 1251 2078 fert
1276 2046 1399 2087 nuntia,

206 2090 338 2122 Trinam
364 2093 528 2130 regentem
552 2091 735 2123 machinam
907 2093 1000 2132 Quod
1026 2102 1105 2126 aure
1128 2093 1220 2135 virgo
1248 2095 1407 2138 concepit,

207 2137 390 2171 Olaustrmn
415 2138 541 2170 Mariae
565 2137 699 2182 bajulat.
906 2140 952 2173 Et
978 2142 1076 2175 corde
1102 2142 1239 2175 credens
1264 2144 1418 2183 parturit.

137 2216 170 2249 2.
209 2215 267 2248 Cui
292 2215 379 2259 luna,
405 2215 455 2247 sol
480 2217 513 2246 et
537 2215 644 2249 omnia
836 2218 869 2251 4.
908 2218 1012 2252 Beata
1034 2222 1139 2252 mater
1164 2229 1309 2261 munere,

206 2263 402 2296 Deserviunt
431 2272 491 2304 per
515 2265 673 2303 tempora,
911 2266 1009 2309 Cujus
1035 2277 1194 2307 supernus
1221 2267 1361 2313 artifex,

206 2309 345 2345 Perfusa
370 2312 451 2344 coeli
477 2312 583 2352 gratia
908 2314 1069 2348 Mundum
1096 2316 1218 2359 pugillo
1246 2317 1413 2350 continens

209 2359 346 2393 Gestant
369 2361 498 2401 puellae
524 2360 658 2394 viscera.
910 2363 1042 2396 Ventris
1067 2364 1127 2399 sub
1151 2374 1229 2399 arca
1254 2365 1381 2399 clausus
1408 2369 1468 2400 est.
