<?xml version="1.0" encoding="UTF-8"?>
<!DOCTYPE html PUBLIC "-//W3C//DTD XHTML 1.0 Transitional//EN"
    "http://www.w3.org/TR/xhtml1/DTD/xhtml1-transitional.dtd">
<html xmlns="http://www.w3.org/1999/xhtml" xml:lang="en" lang="en">
 <head>
  <title>
</title>
<meta http-equiv="Content-Type" content="text/html;charset=utf-8" />
  <meta name='ocr-system' content='tesseract 3.04.00' />
  <meta name='ocr-capabilities' content='ocr_page ocr_carea ocr_par ocr_line ocrx_word'/>
</head>
<body>
  <div class='ocr_page' id='page_1' title='image "./analectahymnica02drevuoft_00157.png"; bbox 0 0 1655 2624; ppageno 0'>
   <div class='ocr_carea' id='block_1_1' title="bbox 715 37 976 72">
    <p class='ocr_par' dir='ltr' id='par_1_1' title="bbox 715 37 976 72">
     <span class='ocr_line' id='line_1_1' title="bbox 715 37 976 72; baseline 0.004 -1"><span class='ocrx_word' id='word_1_1' title='bbox 715 37 976 72; x_wconf 71' lang='lat'>—154-—</span> 
     </span>
    </p>
   </div>
   <div class='ocr_carea' id='block_1_2' title="bbox 177 205 1418 893">
    <p class='ocr_par' dir='ltr' id='par_1_2' title="bbox 177 205 1418 893">
     <span class='ocr_line' id='line_1_2' title="bbox 597 205 1089 239; baseline -0.002 -1"><span class='ocrx_word' id='word_1_2' title='bbox 597 207 641 238; x_wconf 83' lang='lat' dir='ltr'>De</span> <span class='ocrx_word' id='word_1_3' title='bbox 670 205 928 239; x_wconf 65' lang='lat' dir='ltr'>Aia-nuntiatione.</span> <span class='ocrx_word' id='word_1_4' title='bbox 949 205 984 238; x_wconf 92' lang='lat' dir='ltr'>B.</span> <span class='ocrx_word' id='word_1_5' title='bbox 999 206 1036 238; x_wconf 86' lang='lat' dir='ltr'>V.</span> <span class='ocrx_word' id='word_1_6' title='bbox 1052 205 1089 237; x_wconf 74' lang='grc' dir='ltr'>Μ.</span> 
     </span>
     <span class='ocr_line' id='line_1_3' title="bbox 177 262 1334 310; baseline -0.002 -9"><span class='ocrx_word' id='word_1_7' title='bbox 177 270 212 301; x_wconf 83' lang='grc'>1.</span> <span class='ocrx_word' id='word_1_8' title='bbox 253 262 326 302; x_wconf 81' lang='lat' dir='ltr'>Jam</span> <span class='ocrx_word' id='word_1_9' title='bbox 350 270 586 310; x_wconf 81' lang='lat' dir='ltr'>praestolantes</span> <span class='ocrx_word' id='word_1_10' title='bbox 611 268 756 310; x_wconf 83' lang='lat' dir='ltr'>gloriam,</span> <span class='ocrx_word' id='word_1_11' title='bbox 876 269 908 302; x_wconf 79' lang='lat'>3.</span> <span class='ocrx_word' id='word_1_12' title='bbox 948 267 984 308; x_wconf 84' lang='grc' dir='ltr'>Ο,</span> <span class='ocrx_word' id='word_1_13' title='bbox 1011 267 1103 308; x_wconf 80' lang='lat' dir='ltr'>virgo</span> <span class='ocrx_word' id='word_1_14' title='bbox 1128 267 1334 309; x_wconf 84' lang='lat' dir='ltr'>venerabilis,</span> 
     </span>
     <span class='ocr_line' id='line_1_4' title="bbox 297 315 1186 358; baseline -0.001 -9"><span class='ocrx_word' id='word_1_15' title='bbox 297 317 487 358; x_wconf 61' lang='lat' dir='ltr'>Victoriam,</span> <span class='ocrx_word' id='word_1_16' title='bbox 995 315 1186 349; x_wconf 78' lang='lat' dir='ltr'>Laudabiiis</span> 
     </span>
     <span class='ocr_line' id='line_1_5' title="bbox 346 363 1176 406; baseline -0.001 -10"><span class='ocrx_word' id='word_1_17' title='bbox 346 363 484 406; x_wconf 67' lang='lat' dir='ltr'>Sui-gite,</span> <span class='ocrx_word' id='word_1_18' title='bbox 1041 363 1176 405; x_wconf 76' lang='lat' dir='ltr'>Regina,</span> 
     </span>
     <span class='ocr_line' id='line_1_6' title="bbox 252 411 1369 454; baseline -0.002 -9"><span class='ocrx_word' id='word_1_19' title='bbox 252 412 346 446; x_wconf 88' lang='lat' dir='ltr'>Clara</span> <span class='ocrx_word' id='word_1_20' title='bbox 372 413 440 445; x_wconf 84' lang='lat' dir='ltr'>dies</span> <span class='ocrx_word' id='word_1_21' title='bbox 464 413 583 454; x_wconf 81' lang='lat' dir='ltr'>illuxit,</span> <span class='ocrx_word' id='word_1_22' title='bbox 944 411 996 445; x_wconf 87' lang='lat' dir='ltr'>De</span> <span class='ocrx_word' id='word_1_23' title='bbox 1021 412 1124 453; x_wconf 83' lang='lat' dir='ltr'><strong>stirpe</strong></span> <span class='ocrx_word' id='word_1_24' title='bbox 1153 411 1261 444; x_wconf 71' lang='lat' dir='ltr'>David</span> <span class='ocrx_word' id='word_1_25' title='bbox 1288 414 1369 453; x_wconf 84' lang='lat' dir='ltr'>orta,</span> 
     </span>
     <span class='ocr_line' id='line_1_7' title="bbox 249 459 1334 504; baseline -0.001 -12"><span class='ocrx_word' id='word_1_26' title='bbox 249 462 366 493; x_wconf 74' lang='lat' dir='ltr'>Atram</span> <span class='ocrx_word' id='word_1_27' title='bbox 387 464 516 493; x_wconf 71' lang='lat' dir='ltr'>noctem</span> <span class='ocrx_word' id='word_1_28' title='bbox 547 461 717 504; x_wconf 74' lang='lat' dir='ltr'>obstruxit,</span> <span class='ocrx_word' id='word_1_29' title='bbox 945 460 996 493; x_wconf 81' lang='lat' dir='ltr'>Tu</span> <span class='ocrx_word' id='word_1_30' title='bbox 1019 469 1098 492; x_wconf 68' lang='lat' dir='ltr'>vera</span> <span class='ocrx_word' id='word_1_31' title='bbox 1123 459 1204 492; x_wconf 66' lang='lat' dir='ltr'>&lt;zoeli</span> <span class='ocrx_word' id='word_1_32' title='bbox 1228 462 1334 500; x_wconf 79' lang='lat' dir='ltr'>porta,</span> 
     </span>
     <span class='ocr_line' id='line_1_8' title="bbox 295 506 1418 549; baseline -0.001 -9"><span class='ocrx_word' id='word_1_33' title='bbox 295 508 341 540; x_wconf 86' lang='lat' dir='ltr'>Et</span> <span class='ocrx_word' id='word_1_34' title='bbox 364 509 482 541; x_wconf 85' lang='lat' dir='ltr'>nebula</span> <span class='ocrx_word' id='word_1_35' title='bbox 509 509 715 549; x_wconf 83' lang='lat' dir='ltr'>propellitur,</span> <span class='ocrx_word' id='word_1_36' title='bbox 993 508 1123 541; x_wconf 86' lang='lat' dir='ltr'>Cunctis</span> <span class='ocrx_word' id='word_1_37' title='bbox 1149 511 1182 540; x_wconf 87' lang='lat' dir='ltr'>te</span> <span class='ocrx_word' id='word_1_38' title='bbox 1206 506 1418 540; x_wconf 79' lang='lat' dir='ltr'>laudantibus</span> 
     </span>
     <span class='ocr_line' id='line_1_9' title="bbox 297 556 1358 597; baseline -0.001 -9"><span class='ocrx_word' id='word_1_39' title='bbox 297 556 341 588; x_wconf 85' lang='lat' dir='ltr'>Et</span> <span class='ocrx_word' id='word_1_40' title='bbox 366 557 481 589; x_wconf 87' lang='lat' dir='ltr'>umbra</span> <span class='ocrx_word' id='word_1_41' title='bbox 504 557 680 589; x_wconf 79' lang='lat' dir='ltr'>terrestris.</span> <span class='ocrx_word' id='word_1_42' title='bbox 992 556 1147 589; x_wconf 82' lang='lat' dir='ltr'>Precibus</span> <span class='ocrx_word' id='word_1_43' title='bbox 1172 556 1358 597; x_wconf 84' lang='lat' dir='ltr'>praecelsis.</span> 
     </span>
     <span class='ocr_line' id='line_1_10' title="bbox 177 613 1328 658; baseline -0.001 -13"><span class='ocrx_word' id='word_1_44' title='bbox 177 618 212 646; x_wconf 75' lang='lat'>..*.</span> <span class='ocrx_word' id='word_1_45' title='bbox 249 614 334 646; x_wconf 68' lang='lat' dir='ltr'>Nam</span> <span class='ocrx_word' id='word_1_46' title='bbox 358 614 495 654; x_wconf 72' lang='lat' dir='ltr'>mystice</span> <span class='ocrx_word' id='word_1_47' title='bbox 520 623 611 654; x_wconf 85' lang='lat' dir='ltr'>quem</span> <span class='ocrx_word' id='word_1_48' title='bbox 639 614 772 658; x_wconf 80' lang='lat' dir='ltr'>ceperit,</span> <span class='ocrx_word' id='word_1_49' title='bbox 873 615 906 647; x_wconf 72' lang='lat'>4.</span> <span class='ocrx_word' id='word_1_50' title='bbox 945 613 1117 646; x_wconf 81' lang='lat' dir='ltr'>Trinitatis</span> <span class='ocrx_word' id='word_1_51' title='bbox 1140 614 1328 656; x_wconf 76' lang='lat' dir='ltr'>triclinium,</span> 
     </span>
     <span class='ocr_line' id='line_1_11' title="bbox 298 660 1169 703; baseline -0.001 -8"><span class='ocrx_word' id='word_1_52' title='bbox 298 663 394 695; x_wconf 80' lang='lat' dir='ltr'>Hunc</span> <span class='ocrx_word' id='word_1_53' title='bbox 418 662 547 703; x_wconf 78' lang='lat' dir='ltr'>peperit</span> <span class='ocrx_word' id='word_1_54' title='bbox 993 662 1042 694; x_wconf 87' lang='lat' dir='ltr'>Tu</span> <span class='ocrx_word' id='word_1_55' title='bbox 1065 660 1169 694; x_wconf 88' lang='lat' dir='ltr'>filium</span> 
     </span>
     <span class='ocr_line' id='line_1_12' title="bbox 345 709 1177 750; baseline 0 -9"><span class='ocrx_word' id='word_1_56' title='bbox 345 709 462 750; x_wconf 76' lang='lat' dir='ltr'>Maria,</span> <span class='ocrx_word' id='word_1_57' title='bbox 1041 709 1177 742; x_wconf 80' lang='lat' dir='ltr'>Vestisti</span> 
     </span>
     <span class='ocr_line' id='line_1_13' title="bbox 252 757 1368 799; baseline -0.002 -8"><span class='ocrx_word' id='word_1_58' title='bbox 252 757 421 791; x_wconf 80' lang='lat' dir='ltr'>Coelorum</span> <span class='ocrx_word' id='word_1_59' title='bbox 444 766 557 790; x_wconf 67' lang='lat' dir='ltr'>verum</span> <span class='ocrx_word' id='word_1_60' title='bbox 581 757 699 799; x_wconf 85' lang='lat' dir='ltr'>lumen,</span> <span class='ocrx_word' id='word_1_61' title='bbox 947 758 1062 798; x_wconf 76' lang='lat' dir='ltr'>Carne,</span> <span class='ocrx_word' id='word_1_62' title='bbox 1090 758 1179 798; x_wconf 77' lang='lat' dir='ltr'>patri</span> <span class='ocrx_word' id='word_1_63' title='bbox 1200 757 1368 796; x_wconf 59' lang='lat' dir='ltr'>obediens,</span> 
     </span>
     <span class='ocr_line' id='line_1_14' title="bbox 250 804 1336 848; baseline -0.002 -10"><span class='ocrx_word' id='word_1_64' title='bbox 250 806 302 838; x_wconf 90' lang='lat' dir='ltr'>En</span> <span class='ocrx_word' id='word_1_65' title='bbox 326 806 507 845; x_wconf 84' lang='lat' dir='ltr'>pneumatis</span> <span class='ocrx_word' id='word_1_66' title='bbox 532 814 592 845; x_wconf 88' lang='lat' dir='ltr'>per</span> <span class='ocrx_word' id='word_1_67' title='bbox 617 813 743 848; x_wconf 82' lang='lat' dir='ltr'>numen,</span> <span class='ocrx_word' id='word_1_68' title='bbox 944 805 1108 838; x_wconf 83' lang='lat' dir='ltr'>Paraclito</span> <span class='ocrx_word' id='word_1_69' title='bbox 1135 804 1336 837; x_wconf 74' lang='lat' dir='ltr'>consentiens</span> 
     </span>
     <span class='ocr_line' id='line_1_15' title="bbox 299 852 1377 893; baseline -0.001 -7"><span class='ocrx_word' id='word_1_70' title='bbox 299 853 357 886; x_wconf 91' lang='lat' dir='ltr'>Cui</span> <span class='ocrx_word' id='word_1_71' title='bbox 384 852 467 885; x_wconf 78' lang='lat' dir='ltr'>dixit</span> <span class='ocrx_word' id='word_1_72' title='bbox 497 852 640 893; x_wconf 84' lang='lat' dir='ltr'>Gabriel,</span> <span class='ocrx_word' id='word_1_73' title='bbox 994 853 1058 886; x_wconf 86' lang='lat' dir='ltr'>Per</span> <span class='ocrx_word' id='word_1_74' title='bbox 1082 856 1215 885; x_wconf 89' lang='lat' dir='ltr'>aeterna</span> <span class='ocrx_word' id='word_1_75' title='bbox 1237 853 1377 885; x_wconf 83' lang='lat' dir='ltr'>saecula.</span> 
     </span>
    </p>
   </div>
   <div class='ocr_carea' id='block_1_3' title="bbox 295 900 640 942">
    <p class='ocr_par' dir='ltr' id='par_1_3' title="bbox 295 900 640 942">
     <span class='ocr_line' id='line_1_16' title="bbox 295 900 640 942; baseline 0.006 -10"><span class='ocrx_word' id='word_1_76' title='bbox 295 901 440 942; x_wconf 70' lang='lat' dir='ltr'>Angelus</span> <span class='ocrx_word' id='word_1_77' title='bbox 471 900 619 933; x_wconf 84' lang='lat' dir='ltr'>coelestis</span> <span class='ocrx_word' id='word_1_78' title='bbox 631 913 640 934; x_wconf 73' lang='lat' dir='ltr'><strong><em>z</em></strong></span> 
     </span>
    </p>
   </div>
   <div class='ocr_carea' id='block_1_4' title="bbox 459 957 1117 1278">
    <p class='ocr_par' dir='ltr' id='par_1_4' title="bbox 459 957 1117 1278">
     <span class='ocr_line' id='line_1_17' title="bbox 459 957 1027 1000; baseline -0.004 -9"><span class='ocrx_word' id='word_1_79' title='bbox 459 959 493 992; x_wconf 83' lang='lat'>5.</span> <span class='ocrx_word' id='word_1_80' title='bbox 518 957 558 990; x_wconf 82' lang='lat' dir='ltr'>R.</span> <span class='ocrx_word' id='word_1_81' title='bbox 585 958 666 999; x_wconf 81' lang='lat' dir='ltr'>Ave,</span> <span class='ocrx_word' id='word_1_82' title='bbox 693 966 763 998; x_wconf 83' lang='lat' dir='ltr'>ave,</span> <span class='ocrx_word' id='word_1_83' title='bbox 789 958 896 1000; x_wconf 87' lang='lat' dir='ltr'>gratia</span> <span class='ocrx_word' id='word_1_84' title='bbox 919 958 1027 999; x_wconf 83' lang='lat' dir='ltr'>plena,</span> 
     </span>
     <span class='ocr_line' id='line_1_18' title="bbox 584 1005 883 1048; baseline -0.003 -10"><span class='ocrx_word' id='word_1_85' title='bbox 584 1005 741 1038; x_wconf 85' lang='lat' dir='ltr'>Dominus</span> <span class='ocrx_word' id='word_1_86' title='bbox 767 1008 883 1048; x_wconf 80' lang='lat' dir='ltr'>tecum,</span> 
     </span>
     <span class='ocr_line' id='line_1_19' title="bbox 581 1053 938 1094; baseline 0 -9"><span class='ocrx_word' id='word_1_87' title='bbox 581 1053 748 1094; x_wconf 69' lang='lat' dir='ltr'>concipies</span> <span class='ocrx_word' id='word_1_88' title='bbox 775 1057 807 1085; x_wconf 85' lang='lat' dir='ltr'>et</span> <span class='ocrx_word' id='word_1_89' title='bbox 830 1053 938 1093; x_wconf 80' lang='lat' dir='ltr'>paries</span> 
     </span>
     <span class='ocr_line' id='line_1_20' title="bbox 582 1100 1048 1143; baseline 0 -11"><span class='ocrx_word' id='word_1_90' title='bbox 582 1100 725 1133; x_wconf 73' lang='lat' dir='ltr'>Verbum</span> <span class='ocrx_word' id='word_1_91' title='bbox 749 1102 854 1141; x_wconf 80' lang='lat' dir='ltr'>patris</span> <span class='ocrx_word' id='word_1_92' title='bbox 880 1101 1048 1143; x_wconf 78' lang='lat' dir='ltr'>altissimi3</span> 
     </span>
     <span class='ocr_line' id='line_1_21' title="bbox 579 1148 1117 1189; baseline -0.004 -7"><span class='ocrx_word' id='word_1_93' title='bbox 579 1148 625 1182; x_wconf 87' lang='lat' dir='ltr'>Et</span> <span class='ocrx_word' id='word_1_94' title='bbox 649 1149 784 1182; x_wconf 85' lang='lat' dir='ltr'>verbum</span> <span class='ocrx_word' id='word_1_95' title='bbox 810 1158 884 1182; x_wconf 81' lang='lat' dir='ltr'>earo</span> <span class='ocrx_word' id='word_1_96' title='bbox 910 1148 1032 1181; x_wconf 80' lang='lat' dir='ltr'>factum</span> <span class='ocrx_word' id='word_1_97' title='bbox 1058 1152 1117 1189; x_wconf 86' lang='lat' dir='ltr'>est,</span> 
     </span>
     <span class='ocr_line' id='line_1_22' title="bbox 626 1197 870 1240; baseline -0.004 -11"><span class='ocrx_word' id='word_1_98' title='bbox 626 1197 785 1230; x_wconf 68' lang='lat' dir='ltr'>Nobisum</span> <span class='ocrx_word' id='word_1_99' title='bbox 811 1200 870 1240; x_wconf 79' lang='lat' dir='ltr'>est,</span> 
     </span>
     <span class='ocr_line' id='line_1_23' title="bbox 579 1244 1015 1278; baseline 0.002 -2"><span class='ocrx_word' id='word_1_100' title='bbox 579 1244 625 1277; x_wconf 86' lang='lat' dir='ltr'>Et</span> <span class='ocrx_word' id='word_1_101' title='bbox 648 1248 758 1277; x_wconf 81' lang='lat' dir='ltr'>manet</span> <span class='ocrx_word' id='word_1_102' title='bbox 781 1246 815 1278; x_wconf 90' lang='lat' dir='ltr'>in</span> <span class='ocrx_word' id='word_1_103' title='bbox 840 1248 1015 1277; x_wconf 87' lang='lat' dir='ltr'>aeternum.</span> 
     </span>
    </p>
   </div>
   <div class='ocr_carea' id='block_1_5' title="bbox 257 1308 1225 1343">
    <p class='ocr_par' dir='ltr' id='par_1_5' title="bbox 257 1308 1225 1343">
     <span class='ocr_line' id='line_1_24' title="bbox 257 1308 1225 1343; baseline 0.001 -7"><span class='ocrx_word' id='word_1_104' title='bbox 257 1309 304 1337; x_wconf 77' lang='lat' dir='ltr'>W.</span> <span class='ocrx_word' id='word_1_105' title='bbox 383 1308 439 1338; x_wconf 81' lang='lat' dir='ltr'>Str.</span> <span class='ocrx_word' id='word_1_106' title='bbox 461 1311 477 1337; x_wconf 87' lang='lat'>5</span> <span class='ocrx_word' id='word_1_107' title='bbox 499 1310 578 1338; x_wconf 84' lang='lat' dir='ltr'>steht</span> <span class='ocrx_word' id='word_1_108' title='bbox 598 1310 643 1338; x_wconf 76' lang='lat' dir='ltr'>als</span> <span class='ocrx_word' id='word_1_109' title='bbox 663 1308 704 1339; x_wconf 71' lang='grc' dir='ltr'>ΒΟ</span> <span class='ocrx_word' id='word_1_110' title='bbox 723 1309 902 1343; x_wconf 81' lang='lat' dir='ltr'>(Refrain)</span> <span class='ocrx_word' id='word_1_111' title='bbox 923 1319 962 1338; x_wconf 81' lang='lat' dir='ltr'>an</span> <span class='ocrx_word' id='word_1_112' title='bbox 982 1311 1102 1339; x_wconf 81' lang='lat' dir='ltr'>zweiter</span> <span class='ocrx_word' id='word_1_113' title='bbox 1124 1309 1225 1339; x_wconf 83' lang='lat' dir='ltr'>Stelle.</span> 
     </span>
    </p>
   </div>
   <div class='ocr_carea' id='block_1_6' title="bbox 180 1479 1365 1921">
    <p class='ocr_par' dir='ltr' id='par_1_6' title="bbox 180 1479 1365 1581">
     <span class='ocr_line' id='line_1_25' title="bbox 717 1479 955 1512; baseline -0.004 0"><span class='ocrx_word' id='word_1_114' title='bbox 717 1479 766 1512; x_wconf 76' lang='lat' dir='ltr'>Ad</span> <span class='ocrx_word' id='word_1_115' title='bbox 790 1480 955 1512; x_wconf 72' lang='lat' dir='ltr'>Christum.</span> 
     </span>
     <span class='ocr_line' id='line_1_26' title="bbox 180 1539 1365 1581; baseline 0 -8"><span class='ocrx_word' id='word_1_116' title='bbox 180 1540 211 1573; x_wconf 84' lang='lat'>1.</span> <span class='ocrx_word' id='word_1_117' title='bbox 250 1539 486 1573; x_wconf 81' lang='lat' dir='ltr'>Modulizemus</span> <span class='ocrx_word' id='word_1_118' title='bbox 516 1549 625 1574; x_wconf 85' lang='lat' dir='ltr'>omnes</span> <span class='ocrx_word' id='word_1_119' title='bbox 874 1543 905 1574; x_wconf 82' lang='lat'>2.</span> <span class='ocrx_word' id='word_1_120' title='bbox 946 1541 1006 1581; x_wconf 82' lang='lat' dir='ltr'>Qm·</span> <span class='ocrx_word' id='word_1_121' title='bbox 1031 1541 1152 1574; x_wconf 82' lang='lat' dir='ltr'>sanctis</span> <span class='ocrx_word' id='word_1_122' title='bbox 1178 1542 1244 1574; x_wconf 88' lang='lat' dir='ltr'>suis</span> <span class='ocrx_word' id='word_1_123' title='bbox 1272 1542 1365 1575; x_wconf 80' lang='lat' dir='ltr'>dedit,</span> 
     </span>
    </p>

    <p class='ocr_par' dir='ltr' id='par_1_7' title="bbox 298 1587 1309 1631">
     <span class='ocr_line' id='line_1_27' title="bbox 298 1587 1309 1631; baseline 0.002 -11"><span class='ocrx_word' id='word_1_124' title='bbox 298 1587 414 1629; x_wconf 77' lang='lat' dir='ltr'>Corde,</span> <span class='ocrx_word' id='word_1_125' title='bbox 441 1597 530 1630; x_wconf 73' lang='lat' dir='ltr'>voce,</span> <span class='ocrx_word' id='word_1_126' title='bbox 557 1597 623 1629; x_wconf 84' lang='lat' dir='ltr'>ore,</span> <span class='ocrx_word' id='word_1_127' title='bbox 992 1589 1107 1631; x_wconf 76' lang='lat' dir='ltr'>Regna</span> <span class='ocrx_word' id='word_1_128' title='bbox 1132 1590 1309 1631; x_wconf 81' lang='lat' dir='ltr'>debellare,</span> 
     </span>
    </p>

    <p class='ocr_par' dir='ltr' id='par_1_8' title="bbox 250 1636 1347 1730">
     <span class='ocr_line' id='line_1_28' title="bbox 250 1636 1347 1678; baseline 0.003 -10"><span class='ocrx_word' id='word_1_129' title='bbox 250 1636 487 1677; x_wconf 66' lang='lat' dir='ltr'>concrepantes</span> <span class='ocrx_word' id='word_1_130' title='bbox 511 1638 546 1669; x_wconf 88' lang='lat' dir='ltr'>in</span> <span class='ocrx_word' id='word_1_131' title='bbox 570 1637 700 1670; x_wconf 84' lang='lat' dir='ltr'>laudem</span> <span class='ocrx_word' id='word_1_132' title='bbox 943 1637 999 1670; x_wconf 88' lang='lat' dir='ltr'>Sui</span> <span class='ocrx_word' id='word_1_133' title='bbox 1025 1638 1171 1678; x_wconf 84' lang='lat' dir='ltr'>corporis</span> <span class='ocrx_word' id='word_1_134' title='bbox 1200 1636 1347 1672; x_wconf 84' lang='lat' dir='ltr'>flammas</span> 
     </span>
     <span class='ocr_line' id='line_1_29' title="bbox 295 1683 1269 1730; baseline 0.003 -14"><span class='ocrx_word' id='word_1_135' title='bbox 295 1683 450 1717; x_wconf 79' lang='lat' dir='ltr'>Diseanto</span> <span class='ocrx_word' id='word_1_136' title='bbox 480 1687 513 1717; x_wconf 88' lang='lat' dir='ltr'>et</span> <span class='ocrx_word' id='word_1_137' title='bbox 537 1687 649 1719; x_wconf 83' lang='lat' dir='ltr'>tenore</span> <span class='ocrx_word' id='word_1_138' title='bbox 990 1685 1078 1720; x_wconf 78' lang='lat' dir='ltr'>Mire</span> <span class='ocrx_word' id='word_1_139' title='bbox 1102 1685 1269 1730; x_wconf 84' lang='lat' dir='ltr'>suffocare,</span> 
     </span>
    </p>

    <p class='ocr_par' dir='ltr' id='par_1_9' title="bbox 247 1732 1364 1824">
     <span class='ocr_line' id='line_1_30' title="bbox 247 1732 1364 1775; baseline 0.003 -11"><span class='ocrx_word' id='word_1_140' title='bbox 247 1732 288 1764; x_wconf 84' lang='lat' dir='ltr'>In</span> <span class='ocrx_word' id='word_1_141' title='bbox 312 1732 442 1765; x_wconf 85' lang='lat' dir='ltr'>laudem</span> <span class='ocrx_word' id='word_1_142' title='bbox 465 1733 648 1774; x_wconf 66' lang='lat' dir='ltr'>salvatoris,</span> <span class='ocrx_word' id='word_1_143' title='bbox 943 1733 1163 1767; x_wconf 70' lang='lat' dir='ltr'>Acherontem</span> <span class='ocrx_word' id='word_1_144' title='bbox 1188 1734 1364 1775; x_wconf 78' lang='lat' dir='ltr'>superbum</span> 
     </span>
     <span class='ocr_line' id='line_1_31' title="bbox 298 1779 1317 1824; baseline 0.004 -12"><span class='ocrx_word' id='word_1_145' title='bbox 298 1779 410 1813; x_wconf 75' lang='lat' dir='ltr'>Nostri</span> <span class='ocrx_word' id='word_1_146' title='bbox 433 1782 660 1822; x_wconf 82' lang='lat' dir='ltr'>redemptoris,</span> <span class='ocrx_word' id='word_1_147' title='bbox 990 1781 1091 1815; x_wconf 87' lang='lat' dir='ltr'>Dedit</span> <span class='ocrx_word' id='word_1_148' title='bbox 1117 1783 1317 1824; x_wconf 80' lang='lat' dir='ltr'>conculcare,</span> 
     </span>
    </p>

    <p class='ocr_par' dir='ltr' id='par_1_10' title="bbox 247 1827 1338 1921">
     <span class='ocr_line' id='line_1_32' title="bbox 247 1827 1338 1864; baseline 0.004 -4"><span class='ocrx_word' id='word_1_149' title='bbox 247 1827 392 1861; x_wconf 81' lang='lat' dir='ltr'>Jubflose</span> <span class='ocrx_word' id='word_1_150' title='bbox 419 1829 561 1862; x_wconf 84' lang='lat' dir='ltr'>dieentes</span> <span class='ocrx_word' id='word_1_151' title='bbox 943 1830 996 1863; x_wconf 78' lang='lat' dir='ltr'>Ex</span> <span class='ocrx_word' id='word_1_152' title='bbox 1019 1831 1097 1863; x_wconf 81' lang='lat' dir='ltr'>hinc</span> <span class='ocrx_word' id='word_1_153' title='bbox 1122 1831 1166 1864; x_wconf 85' lang='lat' dir='ltr'>sit</span> <span class='ocrx_word' id='word_1_154' title='bbox 1189 1831 1240 1864; x_wconf 87' lang='lat' dir='ltr'>illi</span> <span class='ocrx_word' id='word_1_155' title='bbox 1265 1832 1338 1864; x_wconf 86' lang='lat' dir='ltr'>laus</span> 
     </span>
     <span class='ocr_line' id='line_1_33' title="bbox 295 1876 1300 1921; baseline 0.004 -13"><span class='ocrx_word' id='word_1_156' title='bbox 295 1876 410 1909; x_wconf 80' lang='lat' dir='ltr'>Cuncti</span> <span class='ocrx_word' id='word_1_157' title='bbox 434 1878 588 1917; x_wconf 77' lang='lat' dir='ltr'>Alleluja.</span> <span class='ocrx_word' id='word_1_158' title='bbox 991 1879 1103 1912; x_wconf 77' lang='lat' dir='ltr'>Virtus</span> <span class='ocrx_word' id='word_1_159' title='bbox 1130 1882 1163 1911; x_wconf 84' lang='lat' dir='ltr'>et</span> <span class='ocrx_word' id='word_1_160' title='bbox 1185 1880 1300 1921; x_wconf 82' lang='lat' dir='ltr'>gloria.</span> 
     </span>
    </p>
   </div>
   <div class='ocr_carea' id='block_1_7' title="bbox 581 1936 1135 2309">
    <p class='ocr_par' dir='ltr' id='par_1_11' title="bbox 581 1936 1135 2309">
     <span class='ocr_line' id='line_1_34' title="bbox 581 1936 1064 1976; baseline 0 -7"><span class='ocrx_word' id='word_1_161' title='bbox 581 1937 615 1969; x_wconf 83' lang='lat'>3.</span> <span class='ocrx_word' id='word_1_162' title='bbox 654 1936 729 1968; x_wconf 82' lang='lat' dir='ltr'>Jam</span> <span class='ocrx_word' id='word_1_163' title='bbox 755 1943 830 1975; x_wconf 84' lang='lat' dir='ltr'>ergo</span> <span class='ocrx_word' id='word_1_164' title='bbox 855 1936 1064 1976; x_wconf 82' lang='lat' dir='ltr'>imploremus</span> 
     </span>
     <span class='ocr_line' id='line_1_35' title="bbox 700 1983 1022 2026; baseline 0.006 -11"><span class='ocrx_word' id='word_1_165' title='bbox 700 1983 781 2024; x_wconf 85' lang='lat' dir='ltr'>Ejus</span> <span class='ocrx_word' id='word_1_166' title='bbox 807 1984 1022 2026; x_wconf 84' lang='lat' dir='ltr'>elementiam,</span> 
     </span>
     <span class='ocr_line' id='line_1_36' title="bbox 655 2031 997 2065; baseline 0.003 -1"><span class='ocrx_word' id='word_1_167' title='bbox 655 2031 758 2065; x_wconf 79' lang='lat' dir='ltr'>Nobis</span> <span class='ocrx_word' id='word_1_168' title='bbox 782 2036 819 2064; x_wconf 91' lang='lat' dir='ltr'>ut</span> <span class='ocrx_word' id='word_1_169' title='bbox 840 2033 997 2065; x_wconf 80' lang='lat' dir='ltr'>concedat</span> 
     </span>
     <span class='ocr_line' id='line_1_37' title="bbox 699 2080 1016 2121; baseline 0.006 -9"><span class='ocrx_word' id='word_1_170' title='bbox 699 2080 812 2114; x_wconf 82' lang='lat' dir='ltr'>Talem</span> <span class='ocrx_word' id='word_1_171' title='bbox 837 2080 1016 2121; x_wconf 80' lang='lat' dir='ltr'>victoriam,</span> 
     </span>
     <span class='ocr_line' id='line_1_38' title="bbox 651 2127 1025 2169; baseline -0.005 -7"><span class='ocrx_word' id='word_1_172' title='bbox 651 2128 836 2169; x_wconf 81' lang='lat' dir='ltr'>Mundique</span> <span class='ocrx_word' id='word_1_173' title='bbox 857 2127 1025 2162; x_wconf 79' lang='lat' dir='ltr'>furibundi</span> 
     </span>
     <span class='ocr_line' id='line_1_39' title="bbox 701 2176 1071 2219; baseline 0.003 -10"><span class='ocrx_word' id='word_1_174' title='bbox 701 2176 897 2218; x_wconf 83' lang='lat' dir='ltr'>Spernamus</span> <span class='ocrx_word' id='word_1_175' title='bbox 923 2177 1071 2219; x_wconf 79' lang='lat' dir='ltr'>gloriam,</span> 
     </span>
     <span class='ocr_line' id='line_1_40' title="bbox 655 2226 1099 2269; baseline -0.002 -11"><span class='ocrx_word' id='word_1_176' title='bbox 655 2227 853 2266; x_wconf 87' lang='lat' dir='ltr'>Hostemque</span> <span class='ocrx_word' id='word_1_177' title='bbox 885 2226 1099 2269; x_wconf 82' lang='lat' dir='ltr'>devastemus,</span> 
     </span>
     <span class='ocr_line' id='line_1_41' title="bbox 699 2273 1135 2309; baseline 0.005 -3"><span class='ocrx_word' id='word_1_178' title='bbox 699 2273 830 2306; x_wconf 86' lang='lat' dir='ltr'>Laudes</span> <span class='ocrx_word' id='word_1_179' title='bbox 857 2273 984 2307; x_wconf 81' lang='lat' dir='ltr'>Christo</span> <span class='ocrx_word' id='word_1_180' title='bbox 1012 2275 1135 2309; x_wconf 80' lang='lat' dir='ltr'>demus,</span> 
     </span>
    </p>
   </div>
   <div class='ocr_carea' id='block_1_8' title="bbox 251 2337 1149 2376">
    <p class='ocr_par' dir='ltr' id='par_1_12' title="bbox 251 2337 1149 2376">
     <span class='ocr_line' id='line_1_42' title="bbox 251 2337 1149 2376; baseline 0.004 -12"><span class='ocrx_word' id='word_1_181' title='bbox 251 2337 300 2364; x_wconf 74' lang='lat' dir='ltr'>W.</span> <span class='ocrx_word' id='word_1_182' title='bbox 325 2351 363 2356; x_wconf 90' lang='lat'>—</span> <span class='ocrx_word' id='word_1_183' title='bbox 385 2337 443 2366; x_wconf 81' lang='lat' dir='ltr'>Str.</span> <span class='ocrx_word' id='word_1_184' title='bbox 469 2338 485 2365; x_wconf 80' lang='lat'><strong>2</strong></span> <span class='ocrx_word' id='word_1_185' title='bbox 507 2339 568 2376; x_wconf 76' lang='lat' dir='ltr'>vgl.</span> <span class='ocrx_word' id='word_1_186' title='bbox 589 2347 660 2367; x_wconf 77' lang='lat' dir='ltr'>man</span> <span class='ocrx_word' id='word_1_187' title='bbox 678 2341 712 2368; x_wconf 81' lang='lat' dir='ltr'>in</span> <span class='ocrx_word' id='word_1_188' title='bbox 732 2340 817 2368; x_wconf 69' lang='lat' dir='ltr'>Bam]</span> <span class='ocrx_word' id='word_1_189' title='bbox 836 2340 870 2375; x_wconf 79' lang='lat' dir='ltr'>L,</span> <span class='ocrx_word' id='word_1_190' title='bbox 890 2340 943 2369; x_wconf 61' lang='lat' dir='ltr'>XF.</span> <span class='ocrx_word' id='word_1_191' title='bbox 964 2340 1011 2370; x_wconf 81' lang='lat'>93.</span> <span class='ocrx_word' id='word_1_192' title='bbox 1031 2341 1061 2369; x_wconf 74' lang='lat' dir='ltr'>d.</span> <span class='ocrx_word' id='word_1_193' title='bbox 1084 2342 1149 2370; x_wconf 74' lang='lat'>117.</span> 
     </span>
    </p>
   </div>
  </div>
 </body>
</html>
