1655 2624
159 842 192 874 ΕΟ

158 1522 188 1553 30

713 54 953 90 ῌ34η

238 153 375 196 Repelle
400 163 419 185 a
443 153 546 185 servis
572 152 635 184 tuis
865 153 898 184 4.
937 150 991 183 Da
1016 149 1208 191 gaudiorum
1233 149 1389 189 praemia.⁷

236 201 402 241 Quidquid
427 209 487 241 per
512 200 739 232 inmunditiam
937 198 991 230 Da
1016 197 1193 239 gratiarum
1218 206 1363 235 munera,

234 252 300 283 Aut
325 249 468 281 moribus
495 257 530 279 se
555 248 698 289 suggerit
935 246 1088 279 Dissolve
1113 245 1180 277 litis
1204 245 1341 286 vincula„

233 299 302 330 Aut
326 297 450 330 actibus
476 304 512 327 se
533 296 708 329 interserit.
934 294 1114 334 Adstringe
1141 294 1231 334 pacis
1259 291 1403 326 foedera

660 354 691 386 5.
718 353 866 395 Praesta,
892 356 996 394 pater.

238 420 301 448 1301.
324 421 342 448 4
365 428 390 447 2.
427 436 439 438 —
464 419 543 446 Dan.
567 420 592 447 1.
615 416 667 453 613
707 419 799 447 Mone
820 417 886 447 280.

592 568 686 601 Feria
706 570 771 602 VII.
800 568 848 600 Ad
866 568 1052 600 nocturnas.

233 640 382 673 Summae
406 640 495 672 Deus
521 640 712 671 clementiae
861 640 894 673 3.
932 638 1076 671 Lumbos
1098 638 1255 679 jecurque
1279 637 1463 671 morbidum

230 688 410 728 Mundique
435 687 539 720 factor
564 688 743 730 machinae,
932 686 1045 719 Adure
1069 686 1139 727 igni
1165 695 1316 727 congruo,

230 736 322 769 Unus
347 735 569 776 potentialiter
931 734 1082 767 Accineti
1105 737 1142 766 ut
1167 735 1233 767 sint
1257 735 1386 776 perpeti

230 784 412 824 Triuusque
435 784 666 824 personaliter,
927 782 1023 815 Lmzu
1047 785 1170 815 remoto
1195 783 1351 824 pessimo,

230 842 368 874 Nostros
393 842 464 881 pios
492 849 563 872 cum
590 840 723 873 canticis
856 841 888 873 4.
930 839 975 873 Ut
1002 841 1119 880 quique
1144 841 1242 873 horas
1266 841 1411 872 noctium

228 889 341 921 Fletus
370 889 527 930 benignus
553 888 692 927 suscipe,
927 887 1024 920 Nunc
1050 888 1249 922 concinendo
1275 888 1463 930 rumpimus,

230 937 298 976 Quo
324 937 422 969 corde
445 946 526 977 puro
551 935 702 969 sordibus
928 935 1032 968 Donis
1056 936 1173 968 heatae
1195 937 1324 977 patriae

231 985 278 1017 Te
301 983 507 1025 perfruamur
530 985 662 1025 largius.
928 983 1079 1016 Ditemur
1103 993 1213 1017 omnes
1239 984 1369 1018 affatim.

652 1042 684 1074 5.
710 1042 855 1082 Praesta,
885 1043 989 1082 pater.

235 1107 299 1135 Fol.
321 1107 339 1134 4
358 1106 388 1134 b.
468 1106 546 1133 Dan.
568 1107 592 1134 1.
615 1106 660 1134 34.
741 1108 768 1141 4,
792 1107 806 1134 1
827 1106 872 1134 Ut
893 1107 1035 1143 quiequid
1056 1106 1112 1135 Hs.

793 1179 850 1220 16.

616 1257 652 1289 ln
671 1256 840 1288 matutinis
860 1256 1021 1289 laudibus

228 1319 358 1352 Aurora
378 1319 447 1358 jam
472 1319 596 1359 spargit
621 1318 741 1359 polum,
855 1319 886 1352 3.
929 1318 975 1351 Ut
1000 1327 1096 1352 mane
1120 1320 1203 1353 illud
1228 1321 1387 1361 ultimum,

229 1367 340 1399 Terris
367 1367 435 1399 dies
458 1366 614 1408 illabitur,
928 1366 1020 1405 Quod
1045 1370 1284 1408 praestolamur
1311 1370 1432 1410 cernui,

230 1414 326 1447 Lucis
351 1415 486 1447 resultat
511 1415 680 1454 spiculum,
927 1414 966 1446 In
991 1415 1096 1448 lucem
1120 1417 1214 1449 nobis
1241 1416 1362 1458 effluat,

231 1462 387 1495 Discedat
411 1471 504 1495 omne
526 1463 695 1495 lubricum.
928 1462 1015 1494 Dum
1039 1464 1102 1496 hoc
1127 1473 1244 1498 canore
1271 1468 1454 1506 concrepat.

229 1520 425 1553 Phantasma
448 1519 552 1552 noetis
580 1519 719 1560 decidat,
855 1522 888 1554 4.
928 1521 1074 1565 Praesta,
1100 1525 1196 1563 pater
1220 1523 1376 1566 piissime,

227 1568 348 1600 Mentis
373 1571 481 1600 reatus
507 1567 650 1611 subruat,
926 1569 1082 1610 Patrique
1108 1579 1240 1611 compar
1263 1573 1360 1604 unice

228 1616 391 1656 Quidquid
415 1615 557 1648 tenebris
584 1615 751 1648 horridum
928 1616 1007 1649 Cum
1032 1618 1150 1658 spiritu
1173 1620 1334 1659 paraclito

227 1664 301 1697 Nox
326 1665 435 1696 attulit
460 1664 583 1705 culpae,
611 1663 724 1704 cadam
924 1664 1020 1698 Nunc
1045 1669 1078 1698 et
1099 1676 1160 1707 per
1185 1676 1279 1700 omne
1302 1669 1475 1702 saeculum.

234 1730 298 1758 Ful.
321 1732 340 1758 4
359 1730 388 1758 b,
468 1730 545 1757 Dan.
568 1730 591 1758 Ι.
614 1730 661 1758 56.

708 1880 753 1913 Ad
774 1889 937 1923 vesperas.

227 1942 252 1975 O
276 1942 332 1975 lux
357 1942 454 1975 beata
477 1944 606 1976 trinitas
857 1946 888 1978 2.
928 1945 976 1977 Te
1000 1955 1094 1979 mane
1119 1947 1253 1981 laudum
1278 1950 1430 1990 carmine,

225 1990 270 2022 Et
293 1990 485 2030 principalis
508 1992 627 2033 unitas,
927 1993 975 2025 Te
1001 1995 1214 2035 deprecemur
1237 2005 1386 2037 vespere,

226 2037 301 2070 Jam
325 2038 373 2069 sol
396 2038 521 2070 recedit
544 2040 667 2080 igneus,
926 2041 974 2073 Te
998 2046 1111 2075 nostra
1131 2046 1271 2085 supplex
1291 2046 1397 2086 gloria

226 2085 367 2118 Infunde
394 2086 502 2119 lumen
529 2086 689 2120 cordibus.
923 2090 989 2123 Per
1015 2094 1130 2124 cuncta
1155 2093 1268 2127 laudet
1292 2094 1433 2129 saecula.

507 2144 539 2177 3.
577 2144 628 2177 Sit
649 2145 712 2178 tibi
736 2148 850 2187 virtus,
876 2148 991 2189 gloria,

579 2193 648 2225 Deo
674 2196 824 2236 patrique
843 2195 922 2237 filio,

579 2241 697 2274 Sancto
722 2243 817 2275 simul
842 2244 1003 2285 paraclito

577 2290 616 2323 In
639 2292 838 2331 sempiterna
860 2293 991 2327 saecula

228 2355 293 2384 Pol.
315 2357 331 2384 5
353 2364 379 2384 a.
461 2355 538 2384 Dan.
562 2357 586 2385 I.
608 2357 654 2385 36.
