<?xml version="1.0" encoding="UTF-8"?>
<!DOCTYPE html PUBLIC "-//W3C//DTD XHTML 1.0 Transitional//EN"
    "http://www.w3.org/TR/xhtml1/DTD/xhtml1-transitional.dtd">
<html xmlns="http://www.w3.org/1999/xhtml" xml:lang="en" lang="en">
 <head>
  <title>
</title>
<meta http-equiv="Content-Type" content="text/html;charset=utf-8" />
  <meta name='ocr-system' content='tesseract 3.04.00' />
  <meta name='ocr-capabilities' content='ocr_page ocr_carea ocr_par ocr_line ocrx_word'/>
</head>
<body>
  <div class='ocr_page' id='page_1' title='image "./analectahymnica02drevuoft_00162.png"; bbox 0 0 1655 2624; ppageno 0'>
   <div class='ocr_carea' id='block_1_1' title="bbox 735 87 1002 124">
    <p class='ocr_par' dir='ltr' id='par_1_1' title="bbox 735 87 1002 124">
     <span class='ocr_line' id='line_1_1' title="bbox 735 87 1002 124; baseline 0.007 -2"><span class='ocrx_word' id='word_1_1' title='bbox 735 87 1002 124; x_wconf 41' lang='lat'>*159—</span> 
     </span>
    </p>
   </div>
   <div class='ocr_carea' id='block_1_2' title="bbox 191 178 1417 653">
    <p class='ocr_par' dir='ltr' id='par_1_2' title="bbox 191 178 1417 653">
     <span class='ocr_line' id='line_1_2' title="bbox 191 178 1325 228; baseline 0.008 -17"><span class='ocrx_word' id='word_1_2' title='bbox 191 180 228 212; x_wconf 76' lang='lat'>3.</span> <span class='ocrx_word' id='word_1_3' title='bbox 267 178 357 211; x_wconf 91' lang='lat' dir='ltr'>Deus</span> <span class='ocrx_word' id='word_1_4' title='bbox 379 189 438 214; x_wconf 81' lang='lat' dir='ltr'>rex</span> <span class='ocrx_word' id='word_1_5' title='bbox 464 183 630 223; x_wconf 74' lang='lat' dir='ltr'>altissime,</span> <span class='ocrx_word' id='word_1_6' title='bbox 898 189 930 221; x_wconf 80' lang='lat'>4.</span> <span class='ocrx_word' id='word_1_7' title='bbox 971 187 1085 227; x_wconf 83' lang='lat' dir='ltr'>Agnus</span> <span class='ocrx_word' id='word_1_8' title='bbox 1107 187 1170 220; x_wconf 84' lang='lat' dir='ltr'>Dei</span> <span class='ocrx_word' id='word_1_9' title='bbox 1197 188 1325 228; x_wconf 87' lang='lat' dir='ltr'>diceris,</span> 
     </span>
     <span class='ocr_line' id='line_1_3' title="bbox 300 228 1417 281; baseline 0.004 -20"><span class='ocrx_word' id='word_1_10' title='bbox 300 228 415 281; x_wconf 35' lang='lat' dir='ltr'>*Pater</span> <span class='ocrx_word' id='word_1_11' title='bbox 443 231 637 273; x_wconf 86' lang='lat' dir='ltr'>nominatus,</span> <span class='ocrx_word' id='word_1_12' title='bbox 1018 235 1149 268; x_wconf 85' lang='lat' dir='ltr'>Tollens</span> <span class='ocrx_word' id='word_1_13' title='bbox 1174 236 1287 269; x_wconf 86' lang='lat' dir='ltr'>mundi</span> <span class='ocrx_word' id='word_1_14' title='bbox 1312 235 1417 267; x_wconf 89' lang='lat' dir='ltr'>scelus</span> 
     </span>
     <span class='ocr_line' id='line_1_4' title="bbox 265 274 1399 324; baseline 0.006 -17"><span class='ocrx_word' id='word_1_15' title='bbox 265 274 334 308; x_wconf 85' lang='lat' dir='ltr'>F1li</span> <span class='ocrx_word' id='word_1_16' title='bbox 359 277 536 320; x_wconf 80' lang='lat' dir='ltr'>unigenite,</span> <span class='ocrx_word' id='word_1_17' title='bbox 971 283 1130 316; x_wconf 89' lang='lat' dir='ltr'>Succurre</span> <span class='ocrx_word' id='word_1_18' title='bbox 1153 293 1239 316; x_wconf 90' lang='lat' dir='ltr'>nunc</span> <span class='ocrx_word' id='word_1_19' title='bbox 1262 283 1399 324; x_wconf 86' lang='lat' dir='ltr'>miseris,</span> 
     </span>
     <span class='ocr_line' id='line_1_5' title="bbox 317 323 1347 370; baseline 0.007 -13"><span class='ocrx_word' id='word_1_20' title='bbox 317 323 416 358; x_wconf 86' lang='lat' dir='ltr'>Sacer</span> <span class='ocrx_word' id='word_1_21' title='bbox 442 330 540 368; x_wconf 83' lang='lat' dir='ltr'>atque</span> <span class='ocrx_word' id='word_1_22' title='bbox 564 326 671 368; x_wconf 86' lang='lat' dir='ltr'>flatus,</span> <span class='ocrx_word' id='word_1_23' title='bbox 1017 331 1064 364; x_wconf 91' lang='lat' dir='ltr'>Ut</span> <span class='ocrx_word' id='word_1_24' title='bbox 1088 331 1149 364; x_wconf 85' lang='lat' dir='ltr'>tibi</span> <span class='ocrx_word' id='word_1_25' title='bbox 1174 334 1347 370; x_wconf 83' lang='lat' dir='ltr'>cantemus,</span> 
     </span>
     <span class='ocr_line' id='line_1_6' title="bbox 266 372 1336 420; baseline 0.007 -16"><span class='ocrx_word' id='word_1_26' title='bbox 266 372 346 405; x_wconf 88' lang='lat' dir='ltr'>Tria</span> <span class='ocrx_word' id='word_1_27' title='bbox 369 373 494 407; x_wconf 86' lang='lat' dir='ltr'>habens</span> <span class='ocrx_word' id='word_1_28' title='bbox 519 376 660 416; x_wconf 87' lang='lat' dir='ltr'>nomina,</span> <span class='ocrx_word' id='word_1_29' title='bbox 970 379 1080 419; x_wconf 82' lang='lat' dir='ltr'>Trino‚</span> <span class='ocrx_word' id='word_1_30' title='bbox 1107 380 1163 412; x_wconf 88' lang='lat' dir='ltr'>uni</span> <span class='ocrx_word' id='word_1_31' title='bbox 1187 380 1336 420; x_wconf 86' lang='lat' dir='ltr'>Domino,</span> 
     </span>
     <span class='ocr_line' id='line_1_7' title="bbox 265 420 1361 467; baseline 0.007 -15"><span class='ocrx_word' id='word_1_32' title='bbox 265 420 358 453; x_wconf 91' lang='lat' dir='ltr'>Unus</span> <span class='ocrx_word' id='word_1_33' title='bbox 383 421 418 455; x_wconf 84' lang='lat' dir='ltr'>in</span> <span class='ocrx_word' id='word_1_34' title='bbox 444 423 635 464; x_wconf 83' lang='lat' dir='ltr'>substantia,</span> <span class='ocrx_word' id='word_1_35' title='bbox 970 426 1105 467; x_wconf 82' lang='lat' dir='ltr'>Semper</span> <span class='ocrx_word' id='word_1_36' title='bbox 1130 428 1200 460; x_wconf 90' lang='lat' dir='ltr'>sine</span> <span class='ocrx_word' id='word_1_37' title='bbox 1224 429 1361 460; x_wconf 88' lang='lat' dir='ltr'>termino</span> 
     </span>
     <span class='ocr_line' id='line_1_8' title="bbox 316 469 1349 519; baseline 0.007 -18"><span class='ocrx_word' id='word_1_38' title='bbox 316 469 436 503; x_wconf 87' lang='lat' dir='ltr'>Trinus</span> <span class='ocrx_word' id='word_1_39' title='bbox 458 472 492 503; x_wconf 90' lang='lat' dir='ltr'>in</span> <span class='ocrx_word' id='word_1_40' title='bbox 517 472 675 512; x_wconf 85' lang='lat' dir='ltr'>personis,</span> <span class='ocrx_word' id='word_1_41' title='bbox 1018 475 1136 507; x_wconf 82' lang='lat' dir='ltr'>Tecum</span> <span class='ocrx_word' id='word_1_42' title='bbox 1163 476 1349 519; x_wconf 81' lang='lat' dir='ltr'>gloriantes,</span> 
     </span>
     <span class='ocr_line' id='line_1_9' title="bbox 263 517 1361 564; baseline 0.006 -15"><span class='ocrx_word' id='word_1_43' title='bbox 263 517 349 550; x_wconf 88' lang='lat' dir='ltr'>Eras</span> <span class='ocrx_word' id='word_1_44' title='bbox 376 522 452 551; x_wconf 89' lang='lat' dir='ltr'>ante</span> <span class='ocrx_word' id='word_1_45' title='bbox 475 520 615 559; x_wconf 83' lang='lat' dir='ltr'>saecula,</span> <span class='ocrx_word' id='word_1_46' title='bbox 966 522 1097 554; x_wconf 84' lang='lat' dir='ltr'>Laudes</span> <span class='ocrx_word' id='word_1_47' title='bbox 1124 532 1194 555; x_wconf 90' lang='lat' dir='ltr'>cum</span> <span class='ocrx_word' id='word_1_48' title='bbox 1217 524 1361 564; x_wconf 87' lang='lat' dir='ltr'>tripudio</span> 
     </span>
     <span class='ocr_line' id='line_1_10' title="bbox 266 565 1387 613; baseline 0.006 -16"><span class='ocrx_word' id='word_1_49' title='bbox 266 565 341 598; x_wconf 89' lang='lat' dir='ltr'>Tibi</span> <span class='ocrx_word' id='word_1_50' title='bbox 368 570 487 599; x_wconf 87' lang='lat' dir='ltr'>canunt</span> <span class='ocrx_word' id='word_1_51' title='bbox 510 568 617 600; x_wconf 88' lang='lat' dir='ltr'>omnia</span> <span class='ocrx_word' id='word_1_52' title='bbox 967 570 1087 613; x_wconf 77' lang='lat' dir='ltr'>Novas,</span> <span class='ocrx_word' id='word_1_53' title='bbox 1116 575 1148 603; x_wconf 87' lang='lat' dir='ltr'>et</span> <span class='ocrx_word' id='word_1_54' title='bbox 1173 580 1244 603; x_wconf 90' lang='lat' dir='ltr'>cum</span> <span class='ocrx_word' id='word_1_55' title='bbox 1269 572 1387 612; x_wconf 85' lang='lat' dir='ltr'>gaudio</span> 
     </span>
     <span class='ocr_line' id='line_1_11' title="bbox 315 614 1408 653; baseline 0.005 -7"><span class='ocrx_word' id='word_1_56' title='bbox 315 614 447 647; x_wconf 82' lang='lat' dir='ltr'>Laudes</span> <span class='ocrx_word' id='word_1_57' title='bbox 472 617 565 648; x_wconf 77' lang='lat' dir='ltr'>novis</span> <span class='ocrx_word' id='word_1_58' title='bbox 590 616 688 650; x_wconf 80' lang='lat' dir='ltr'>sonis„</span> <span class='ocrx_word' id='word_1_59' title='bbox 1017 618 1170 651; x_wconf 84' lang='lat' dir='ltr'>Sanctum</span> <span class='ocrx_word' id='word_1_60' title='bbox 1195 622 1229 651; x_wconf 90' lang='lat' dir='ltr'>te</span> <span class='ocrx_word' id='word_1_61' title='bbox 1255 620 1408 653; x_wconf 69' lang='lat' dir='ltr'>dicentes</span> 
     </span>
    </p>
   </div>
   <div class='ocr_carea' id='block_1_3' title="bbox 196 700 1532 775">
    <p class='ocr_par' dir='ltr' id='par_1_3' title="bbox 196 700 1532 775">
     <span class='ocr_line' id='line_1_12' title="bbox 269 700 1532 741; baseline 0.003 -13"><span class='ocrx_word' id='word_1_62' title='bbox 269 700 318 728; x_wconf 86' lang='lat' dir='ltr'>W.</span> <span class='ocrx_word' id='word_1_63' title='bbox 339 715 378 719; x_wconf 92' lang='grc'>--</span> <span class='ocrx_word' id='word_1_64' title='bbox 399 700 538 730; x_wconf 85' lang='lat' dir='ltr'>Offenbar</span> <span class='ocrx_word' id='word_1_65' title='bbox 559 701 613 729; x_wconf 85' lang='lat' dir='ltr'>auf</span> <span class='ocrx_word' id='word_1_66' title='bbox 631 702 680 730; x_wconf 87' lang='lat' dir='ltr'>die</span> <span class='ocrx_word' id='word_1_67' title='bbox 701 701 771 730; x_wconf 89' lang='lat' dir='ltr'>Mel.</span> <span class='ocrx_word' id='word_1_68' title='bbox 794 703 845 731; x_wconf 88' lang='lat' dir='ltr'>des</span> <span class='ocrx_word' id='word_1_69' title='bbox 867 703 1159 732; x_wconf 79' lang='lat' dir='ltr'>Weihnachtsliedes</span> <span class='ocrx_word' id='word_1_70' title='bbox 1179 704 1316 740; x_wconf 84' lang='lat' dir='ltr'>gleichen</span> <span class='ocrx_word' id='word_1_71' title='bbox 1329 703 1444 741; x_wconf 72' lang='lat' dir='ltr'>Anfaug</span> <span class='ocrx_word' id='word_1_72' title='bbox 1496 720 1532 724; x_wconf 90' lang='lat'><strong>—</strong></span> 
     </span>
     <span class='ocr_line' id='line_1_13' title="bbox 196 739 599 775; baseline 0.002 -9"><span class='ocrx_word' id='word_1_73' title='bbox 196 740 219 773; x_wconf 78' lang='lat'>1,</span> <span class='ocrx_word' id='word_1_74' title='bbox 245 739 278 767; x_wconf 85' lang='lat'>10</span> <span class='ocrx_word' id='word_1_75' title='bbox 301 740 523 775; x_wconf 84' lang='lat' dir='ltr'>congaudemus</span> <span class='ocrx_word' id='word_1_76' title='bbox 544 741 599 769; x_wconf 88' lang='lat' dir='ltr'>Hs.</span> 
     </span>
    </p>
   </div>
   <div class='ocr_carea' id='block_1_4' title="bbox 188 864 1534 2400">
    <p class='ocr_par' dir='ltr' id='par_1_4' title="bbox 191 864 1390 1072">
     <span class='ocr_line' id='line_1_14' title="bbox 832 864 891 904; baseline 0 -1"><span class='ocrx_word' id='word_1_77' title='bbox 832 864 891 904; x_wconf 79' lang='lat'>21.</span> 
     </span>
     <span class='ocr_line' id='line_1_15' title="bbox 669 949 1064 982; baseline 0.005 -2"><span class='ocrx_word' id='word_1_78' title='bbox 669 949 712 981; x_wconf 79' lang='lat' dir='ltr'>De</span> <span class='ocrx_word' id='word_1_79' title='bbox 732 950 910 982; x_wconf 80' lang='lat' dir='ltr'>nativitate</span> <span class='ocrx_word' id='word_1_80' title='bbox 936 950 1064 982; x_wconf 83' lang='lat' dir='ltr'>Christi.</span> 
     </span>
     <span class='ocr_line' id='line_1_16' title="bbox 191 1030 1390 1072; baseline 0 -10"><span class='ocrx_word' id='word_1_81' title='bbox 191 1031 222 1063; x_wconf 86' lang='lat'>1.</span> <span class='ocrx_word' id='word_1_82' title='bbox 264 1030 338 1062; x_wconf 90' lang='lat' dir='ltr'>Vile</span> <span class='ocrx_word' id='word_1_83' title='bbox 362 1031 468 1072; x_wconf 81' lang='lat' dir='ltr'>tangit</span> <span class='ocrx_word' id='word_1_84' title='bbox 491 1032 699 1072; x_wconf 82' lang='lat' dir='ltr'>praesepium</span> <span class='ocrx_word' id='word_1_85' title='bbox 892 1033 925 1065; x_wconf 85' lang='lat'>4.</span> <span class='ocrx_word' id='word_1_86' title='bbox 964 1031 1056 1064; x_wconf 82' lang='lat' dir='ltr'>Haec</span> <span class='ocrx_word' id='word_1_87' title='bbox 1080 1031 1236 1064; x_wconf 88' lang='lat' dir='ltr'>inviolata</span> <span class='ocrx_word' id='word_1_88' title='bbox 1261 1031 1390 1071; x_wconf 84' lang='lat' dir='ltr'>peperit</span> 
     </span>
    </p>

    <p class='ocr_par' dir='ltr' id='par_1_5' title="bbox 264 1079 1534 1120">
     <span class='ocr_line' id='line_1_17' title="bbox 264 1079 1534 1120; baseline 0.002 -10"><span class='ocrx_word' id='word_1_89' title='bbox 264 1079 405 1111; x_wconf 86' lang='lat' dir='ltr'>Veniens</span> <span class='ocrx_word' id='word_1_90' title='bbox 430 1079 470 1112; x_wconf 93' lang='lat' dir='ltr'>ab</span> <span class='ocrx_word' id='word_1_91' title='bbox 497 1080 629 1112; x_wconf 84' lang='lat' dir='ltr'>aethere</span> <span class='ocrx_word' id='word_1_92' title='bbox 654 1080 741 1113; x_wconf 91' lang='lat' dir='ltr'>Deus</span> <span class='ocrx_word' id='word_1_93' title='bbox 766 1091 831 1114; x_wconf 89' lang='lat' dir='ltr'>om-</span> <span class='ocrx_word' id='word_1_94' title='bbox 965 1080 1011 1112; x_wconf 89' lang='lat' dir='ltr'>Et</span> <span class='ocrx_word' id='word_1_95' title='bbox 1051 1083 1126 1120; x_wconf 86' lang='lat' dir='ltr'>post</span> <span class='ocrx_word' id='word_1_96' title='bbox 1161 1082 1291 1120; x_wconf 88' lang='lat' dir='ltr'>partum</span> <span class='ocrx_word' id='word_1_97' title='bbox 1329 1079 1420 1119; x_wconf 72' lang='lat' dir='ltr'>virgo</span> <span class='ocrx_word' id='word_1_98' title='bbox 1458 1089 1534 1120; x_wconf 86' lang='lat' dir='ltr'>per-</span> 
     </span>
    </p>

    <p class='ocr_par' dir='ltr' id='par_1_6' title="bbox 520 1127 1360 1161">
     <span class='ocr_line' id='line_1_18' title="bbox 520 1127 1360 1161; baseline -0.001 -1"><span class='ocrx_word' id='word_1_99' title='bbox 520 1129 618 1161; x_wconf 79' lang='lat' dir='ltr'>uium.</span> <span class='ocrx_word' id='word_1_100' title='bbox 1233 1127 1360 1159; x_wconf 85' lang='lat' dir='ltr'>mansit.</span> 
     </span>
    </p>

    <p class='ocr_par' dir='ltr' id='par_1_7' title="bbox 189 1203 1341 1245">
     <span class='ocr_line' id='line_1_19' title="bbox 189 1203 1341 1245; baseline -0.001 -8"><span class='ocrx_word' id='word_1_101' title='bbox 189 1206 223 1238; x_wconf 86' lang='lat'>2.</span> <span class='ocrx_word' id='word_1_102' title='bbox 263 1203 412 1237; x_wconf 87' lang='lat' dir='ltr'>Summus</span> <span class='ocrx_word' id='word_1_103' title='bbox 438 1204 516 1238; x_wconf 85' lang='lat' dir='ltr'>fecit</span> <span class='ocrx_word' id='word_1_104' title='bbox 542 1215 578 1238; x_wconf 90' lang='lat' dir='ltr'>se</span> <span class='ocrx_word' id='word_1_105' title='bbox 601 1205 747 1238; x_wconf 88' lang='lat' dir='ltr'>infimum</span> <span class='ocrx_word' id='word_1_106' title='bbox 893 1206 923 1239; x_wconf 84' lang='lat'>5.</span> <span class='ocrx_word' id='word_1_107' title='bbox 962 1204 1051 1245; x_wconf 86' lang='lat' dir='ltr'>Ergo</span> <span class='ocrx_word' id='word_1_108' title='bbox 1076 1207 1188 1238; x_wconf 88' lang='lat' dir='ltr'>nostra</span> <span class='ocrx_word' id='word_1_109' title='bbox 1221 1204 1341 1245; x_wconf 84' lang='lat' dir='ltr'>concio,</span> 
     </span>
    </p>

    <p class='ocr_par' dir='ltr' id='par_1_8' title="bbox 189 1252 1504 1373">
     <span class='ocr_line' id='line_1_20' title="bbox 263 1252 1486 1294; baseline 0 -9"><span class='ocrx_word' id='word_1_110' title='bbox 263 1253 329 1285; x_wconf 91' lang='lat' dir='ltr'>Pro</span> <span class='ocrx_word' id='word_1_111' title='bbox 355 1253 460 1288; x_wconf 87' lang='lat' dir='ltr'>salute</span> <span class='ocrx_word' id='word_1_112' title='bbox 487 1257 575 1286; x_wconf 90' lang='lat' dir='ltr'>certe</span> <span class='ocrx_word' id='word_1_113' title='bbox 599 1254 772 1288; x_wconf 85' lang='lat' dir='ltr'>hominum.</span> <span class='ocrx_word' id='word_1_114' title='bbox 965 1252 1058 1286; x_wconf 92' lang='lat' dir='ltr'>Omni</span> <span class='ocrx_word' id='word_1_115' title='bbox 1084 1261 1212 1294; x_wconf 87' lang='lat' dir='ltr'>semper</span> <span class='ocrx_word' id='word_1_116' title='bbox 1235 1253 1333 1293; x_wconf 85' lang='lat' dir='ltr'>plena</span> <span class='ocrx_word' id='word_1_117' title='bbox 1357 1252 1486 1292; x_wconf 86' lang='lat' dir='ltr'>gaudio.</span> 
     </span>
     <span class='ocr_line' id='line_1_21' title="bbox 189 1329 1504 1373; baseline -0.001 -9"><span class='ocrx_word' id='word_1_118' title='bbox 189 1332 223 1364; x_wconf 86' lang='lat'>3.</span> <span class='ocrx_word' id='word_1_119' title='bbox 264 1329 352 1362; x_wconf 85' lang='lat' dir='ltr'>Nata</span> <span class='ocrx_word' id='word_1_120' title='bbox 375 1333 503 1371; x_wconf 84' lang='lat' dir='ltr'>patrem</span> <span class='ocrx_word' id='word_1_121' title='bbox 525 1332 594 1372; x_wconf 75' lang='lat' dir='ltr'>Jam</span> <span class='ocrx_word' id='word_1_122' title='bbox 619 1331 737 1373; x_wconf 87' lang='lat' dir='ltr'>genuit,</span> <span class='ocrx_word' id='word_1_123' title='bbox 893 1332 924 1365; x_wconf 87' lang='lat'>6.</span> <span class='ocrx_word' id='word_1_124' title='bbox 965 1330 1066 1363; x_wconf 87' lang='lat' dir='ltr'>Simul</span> <span class='ocrx_word' id='word_1_125' title='bbox 1092 1331 1236 1370; x_wconf 86' lang='lat' dir='ltr'>psallens</span> <span class='ocrx_word' id='word_1_126' title='bbox 1264 1339 1335 1362; x_wconf 87' lang='lat' dir='ltr'>cum</span> <span class='ocrx_word' id='word_1_127' title='bbox 1360 1329 1504 1369; x_wconf 83' lang='lat' dir='ltr'>tripudio</span> 
     </span>
    </p>

    <p class='ocr_par' dir='ltr' id='par_1_9' title="bbox 261 1377 1348 1415">
     <span class='ocr_line' id='line_1_22' title="bbox 261 1377 1348 1415; baseline 0.001 -5"><span class='ocrx_word' id='word_1_128' title='bbox 261 1378 435 1411; x_wconf 83' lang='lat' dir='ltr'>Hominem</span> <span class='ocrx_word' id='word_1_129' title='bbox 461 1389 536 1412; x_wconf 91' lang='lat' dir='ltr'>ecce</span> <span class='ocrx_word' id='word_1_130' title='bbox 559 1380 648 1412; x_wconf 85' lang='lat' dir='ltr'>Deus</span> <span class='ocrx_word' id='word_1_131' title='bbox 672 1379 790 1415; x_wconf 86' lang='lat' dir='ltr'>induit,</span> <span class='ocrx_word' id='word_1_132' title='bbox 966 1378 1145 1412; x_wconf 77' lang='lat' dir='ltr'>Benedicat</span> <span class='ocrx_word' id='word_1_133' title='bbox 1170 1381 1246 1411; x_wconf 87' lang='lat' dir='ltr'>nato</span> <span class='ocrx_word' id='word_1_134' title='bbox 1270 1377 1348 1411; x_wconf 91' lang='lat' dir='ltr'>filio.</span> 
     </span>
    </p>

    <p class='ocr_par' dir='ltr' id='par_1_10' title="bbox 265 1463 1182 1493">
     <span class='ocr_line' id='line_1_23' title="bbox 265 1463 1182 1493; baseline 0 -1"><span class='ocrx_word' id='word_1_135' title='bbox 265 1463 315 1492; x_wconf 88' lang='lat' dir='ltr'>W.</span> <span class='ocrx_word' id='word_1_136' title='bbox 337 1478 377 1482; x_wconf 89' lang='lat'>—</span> <span class='ocrx_word' id='word_1_137' title='bbox 395 1463 457 1492; x_wconf 84' lang='lat' dir='ltr'>Ein</span> <span class='ocrx_word' id='word_1_138' title='bbox 476 1464 539 1493; x_wconf 81' lang='lat' dir='ltr'>Ruf</span> <span class='ocrx_word' id='word_1_139' title='bbox 555 1473 616 1493; x_wconf 80' lang='lat' dir='ltr'>von</span> <span class='ocrx_word' id='word_1_140' title='bbox 635 1464 743 1492; x_wconf 66' lang='lat' dir='ltr'>hochst</span> <span class='ocrx_word' id='word_1_141' title='bbox 761 1464 980 1493; x_wconf 85' lang='lat' dir='ltr'>verwildertem</span> <span class='ocrx_word' id='word_1_142' title='bbox 999 1463 1071 1491; x_wconf 67' lang='lat' dir='ltr'>Ver:</span> <span class='ocrx_word' id='word_1_143' title='bbox 1083 1472 1155 1492; x_wconf 63' lang='lat' dir='ltr'>ruas.³</span> <span class='ocrx_word' id='word_1_144' title='bbox 1162 1473 1182 1492; x_wconf 82' lang='lat' dir='ltr'>e.</span> 
     </span>
    </p>

    <p class='ocr_par' dir='ltr' id='par_1_11' title="bbox 612 1597 1106 1724">
     <span class='ocr_line' id='line_1_24' title="bbox 828 1597 887 1637; baseline -0.034 0"><span class='ocrx_word' id='word_1_145' title='bbox 828 1597 887 1637; x_wconf 79' lang='lat'>22.</span> 
     </span>
     <span class='ocr_line' id='line_1_25' title="bbox 612 1683 1106 1724; baseline 0 -9"><span class='ocrx_word' id='word_1_146' title='bbox 612 1683 648 1715; x_wconf 89' lang='lat' dir='ltr'>In</span> <span class='ocrx_word' id='word_1_147' title='bbox 667 1683 773 1724; x_wconf 81' lang='lat' dir='ltr'>prima</span> <span class='ocrx_word' id='word_1_148' title='bbox 792 1683 891 1716; x_wconf 82' lang='lat' dir='ltr'>missa</span> <span class='ocrx_word' id='word_1_149' title='bbox 910 1684 1106 1722; x_wconf 83' lang='lat' dir='ltr'>neomystae.</span> 
     </span>
    </p>

    <p class='ocr_par' dir='ltr' id='par_1_12' title="bbox 188 1763 1368 1806">
     <span class='ocr_line' id='line_1_26' title="bbox 188 1763 1368 1806; baseline -0.003 -8"><span class='ocrx_word' id='word_1_150' title='bbox 188 1764 220 1799; x_wconf 85' lang='lat'>1.</span> <span class='ocrx_word' id='word_1_151' title='bbox 263 1763 515 1797; x_wconf 83' lang='lat' dir='ltr'>solemnizemus</span> <span class='ocrx_word' id='word_1_152' title='bbox 545 1765 653 1806; x_wconf 83' lang='lat' dir='ltr'>hodie,</span> <span class='ocrx_word' id='word_1_153' title='bbox 887 1768 921 1799; x_wconf 84' lang='lat'>2.</span> <span class='ocrx_word' id='word_1_154' title='bbox 963 1765 1090 1798; x_wconf 84' lang='lat' dir='ltr'>Clamat</span> <span class='ocrx_word' id='word_1_155' title='bbox 1115 1774 1187 1797; x_wconf 72' lang='lat' dir='ltr'>eum</span> <span class='ocrx_word' id='word_1_156' title='bbox 1212 1763 1368 1804; x_wconf 88' lang='lat' dir='ltr'>tripudio,</span> 
     </span>
    </p>

    <p class='ocr_par' dir='ltr' id='par_1_13' title="bbox 260 1811 1413 1951">
     <span class='ocr_line' id='line_1_27' title="bbox 260 1811 1313 1856; baseline -0.001 -12"><span class='ocrx_word' id='word_1_157' title='bbox 260 1812 339 1844; x_wconf 89' lang='lat' dir='ltr'>Dies</span> <span class='ocrx_word' id='word_1_158' title='bbox 364 1814 455 1845; x_wconf 87' lang='lat' dir='ltr'>venit</span> <span class='ocrx_word' id='word_1_159' title='bbox 478 1813 633 1856; x_wconf 83' lang='lat' dir='ltr'>laetitiae,</span> <span class='ocrx_word' id='word_1_160' title='bbox 961 1814 1123 1847; x_wconf 81' lang='lat' dir='ltr'>Alludens</span> <span class='ocrx_word' id='word_1_161' title='bbox 1148 1813 1211 1845; x_wconf 92' lang='lat' dir='ltr'>Dei</span> <span class='ocrx_word' id='word_1_162' title='bbox 1235 1811 1313 1854; x_wconf 88' lang='lat' dir='ltr'>filio,</span> 
     </span>
     <span class='ocr_line' id='line_1_28' title="bbox 309 1859 1413 1903; baseline -0.001 -11"><span class='ocrx_word' id='word_1_163' title='bbox 309 1860 491 1894; x_wconf 83' lang='lat' dir='ltr'>Jubilemus</span> <span class='ocrx_word' id='word_1_164' title='bbox 518 1862 654 1903; x_wconf 85' lang='lat' dir='ltr'>pariter,</span> <span class='ocrx_word' id='word_1_165' title='bbox 1010 1863 1187 1895; x_wconf 85' lang='lat' dir='ltr'>Praecatur</span> <span class='ocrx_word' id='word_1_166' title='bbox 1210 1859 1413 1903; x_wconf 80' lang='lat' dir='ltr'>suppliciter,</span> 
     </span>
     <span class='ocr_line' id='line_1_29' title="bbox 310 1908 1338 1951; baseline -0.002 -9"><span class='ocrx_word' id='word_1_167' title='bbox 310 1908 485 1942; x_wconf 79' lang='lat' dir='ltr'>Cantantes</span> <span class='ocrx_word' id='word_1_168' title='bbox 511 1910 655 1942; x_wconf 82' lang='lat' dir='ltr'>suaviter</span> <span class='ocrx_word' id='word_1_169' title='bbox 1008 1911 1157 1943; x_wconf 86' lang='lat' dir='ltr'>Postulat</span> <span class='ocrx_word' id='word_1_170' title='bbox 1180 1909 1338 1951; x_wconf 83' lang='lat' dir='ltr'>hilariter,</span> 
     </span>
    </p>

    <p class='ocr_par' dir='ltr' id='par_1_14' title="bbox 256 1957 1473 2400">
     <span class='ocr_line' id='line_1_30' title="bbox 359 1957 1337 1999; baseline -0.001 -9"><span class='ocrx_word' id='word_1_171' title='bbox 359 1957 500 1991; x_wconf 89' lang='lat' dir='ltr'>Vocibus</span> <span class='ocrx_word' id='word_1_172' title='bbox 523 1958 686 1999; x_wconf 82' lang='lat' dir='ltr'>jucundis.</span> <span class='ocrx_word' id='word_1_173' title='bbox 1059 1958 1198 1991; x_wconf 84' lang='lat' dir='ltr'>Reatum</span> <span class='ocrx_word' id='word_1_174' title='bbox 1225 1957 1337 1990; x_wconf 89' lang='lat' dir='ltr'>deleri.</span> 
     </span>
     <span class='ocr_line' id='line_1_31' title="bbox 259 2035 1412 2077; baseline -0.003 -8"><span class='ocrx_word' id='word_1_175' title='bbox 259 2035 465 2077; x_wconf 87' lang='lat' dir='ltr'>Sacerdotes,</span> <span class='ocrx_word' id='word_1_176' title='bbox 495 2037 653 2077; x_wconf 85' lang='lat' dir='ltr'>plaudite,</span> <span class='ocrx_word' id='word_1_177' title='bbox 960 2037 1026 2069; x_wconf 88' lang='lat' dir='ltr'>Hic</span> <span class='ocrx_word' id='word_1_178' title='bbox 1050 2037 1100 2068; x_wconf 87' lang='lat' dir='ltr'>est</span> <span class='ocrx_word' id='word_1_179' title='bbox 1121 2036 1172 2068; x_wconf 89' lang='lat' dir='ltr'>cui</span> <span class='ocrx_word' id='word_1_180' title='bbox 1198 2035 1320 2068; x_wconf 85' lang='lat' dir='ltr'>dictum</span> <span class='ocrx_word' id='word_1_181' title='bbox 1345 2036 1412 2067; x_wconf 89' lang='lat' dir='ltr'>est:</span> 
     </span>
     <span class='ocr_line' id='line_1_32' title="bbox 257 2083 1384 2128; baseline -0.001 -12"><span class='ocrx_word' id='word_1_182' title='bbox 257 2084 296 2117; x_wconf 89' lang='lat' dir='ltr'>In</span> <span class='ocrx_word' id='word_1_183' title='bbox 319 2084 420 2118; x_wconf 86' lang='lat' dir='ltr'>missa</span> <span class='ocrx_word' id='word_1_184' title='bbox 444 2086 540 2126; x_wconf 85' lang='lat' dir='ltr'>hujus</span> <span class='ocrx_word' id='word_1_185' title='bbox 566 2085 717 2128; x_wconf 83' lang='lat' dir='ltr'>athletae,</span> <span class='ocrx_word' id='word_1_186' title='bbox 961 2083 1030 2117; x_wconf 83' lang='lat' dir='ltr'>Vas</span> <span class='ocrx_word' id='word_1_187' title='bbox 1055 2084 1135 2118; x_wconf 90' lang='lat' dir='ltr'>mihi</span> <span class='ocrx_word' id='word_1_188' title='bbox 1161 2085 1298 2117; x_wconf 88' lang='lat' dir='ltr'>electum</span> <span class='ocrx_word' id='word_1_189' title='bbox 1325 2085 1384 2123; x_wconf 85' lang='lat' dir='ltr'>est,</span> 
     </span>
     <span class='ocr_line' id='line_1_33' title="bbox 306 2132 1473 2174; baseline -0.002 -9"><span class='ocrx_word' id='word_1_190' title='bbox 306 2132 367 2173; x_wconf 83' lang='lat' dir='ltr'>Qui</span> <span class='ocrx_word' id='word_1_191' title='bbox 396 2137 522 2167; x_wconf 88' lang='lat' dir='ltr'>creatus</span> <span class='ocrx_word' id='word_1_192' title='bbox 548 2134 646 2167; x_wconf 87' lang='lat' dir='ltr'>hodie</span> <span class='ocrx_word' id='word_1_193' title='bbox 1010 2133 1136 2166; x_wconf 85' lang='lat' dir='ltr'>Nomen</span> <span class='ocrx_word' id='word_1_194' title='bbox 1160 2136 1198 2166; x_wconf 87' lang='lat' dir='ltr'>ut</span> <span class='ocrx_word' id='word_1_195' title='bbox 1222 2135 1332 2174; x_wconf 88' lang='lat' dir='ltr'>portet</span> <span class='ocrx_word' id='word_1_196' title='bbox 1356 2140 1473 2173; x_wconf 87' lang='lat' dir='ltr'>meum,</span> 
     </span>
     <span class='ocr_line' id='line_1_34' title="bbox 309 2181 1384 2225; baseline -0.003 -10"><span class='ocrx_word' id='word_1_197' title='bbox 309 2181 407 2216; x_wconf 79' lang='lat' dir='ltr'>Oreat</span> <span class='ocrx_word' id='word_1_198' title='bbox 435 2192 545 2225; x_wconf 85' lang='lat' dir='ltr'>regem</span> <span class='ocrx_word' id='word_1_199' title='bbox 567 2183 691 2224; x_wconf 83' lang='lat' dir='ltr'>gloriae</span> <span class='ocrx_word' id='word_1_200' title='bbox 1009 2182 1201 2216; x_wconf 83' lang='lat' dir='ltr'>Praeferam</span> <span class='ocrx_word' id='word_1_201' title='bbox 1227 2190 1285 2222; x_wconf 91' lang='lat' dir='ltr'>ego</span> <span class='ocrx_word' id='word_1_202' title='bbox 1313 2189 1384 2212; x_wconf 91' lang='lat' dir='ltr'>eum</span> 
     </span>
     <span class='ocr_line' id='line_1_35' title="bbox 352 2230 1351 2274; baseline -0.002 -11"><span class='ocrx_word' id='word_1_203' title='bbox 352 2230 406 2263; x_wconf 76' lang='lat' dir='ltr'>Ex</span> <span class='ocrx_word' id='word_1_204' title='bbox 430 2231 535 2274; x_wconf 86' lang='lat' dir='ltr'>figura</span> <span class='ocrx_word' id='word_1_205' title='bbox 559 2232 663 2273; x_wconf 78' lang='lat' dir='ltr'>panis·</span> <span class='ocrx_word' id='word_1_206' title='bbox 1059 2231 1155 2264; x_wconf 85' lang='lat' dir='ltr'>Omni</span> <span class='ocrx_word' id='word_1_207' title='bbox 1172 2233 1351 2263; x_wconf 81' lang='lat' dir='ltr'>creaturae.</span> 
     </span>
     <span class='ocr_line' id='line_1_36' title="bbox 256 2306 1380 2345; baseline -0.001 -5"><span class='ocrx_word' id='word_1_208' title='bbox 256 2306 368 2340; x_wconf 83' lang='lat' dir='ltr'>Jesum</span> <span class='ocrx_word' id='word_1_209' title='bbox 392 2311 514 2345; x_wconf 80' lang='lat' dir='ltr'>tractat</span> <span class='ocrx_word' id='word_1_210' title='bbox 540 2313 572 2342; x_wconf 90' lang='lat' dir='ltr'>et</span> <span class='ocrx_word' id='word_1_211' title='bbox 596 2312 718 2343; x_wconf 79' lang='lat' dir='ltr'>mactat</span> <span class='ocrx_word' id='word_1_212' title='bbox 959 2309 1086 2342; x_wconf 85' lang='lat' dir='ltr'>Novum</span> <span class='ocrx_word' id='word_1_213' title='bbox 1111 2309 1198 2341; x_wconf 87' lang='lat' dir='ltr'>hunc</span> <span class='ocrx_word' id='word_1_214' title='bbox 1223 2306 1380 2340; x_wconf 83' lang='lat' dir='ltr'>ecclesiae</span> 
     </span>
     <span class='ocr_line' id='line_1_37' title="bbox 257 2356 1329 2400; baseline -0.002 -10"><span class='ocrx_word' id='word_1_215' title='bbox 257 2358 397 2398; x_wconf 81' lang='lat' dir='ltr'>Agnum‚</span> <span class='ocrx_word' id='word_1_216' title='bbox 419 2362 457 2393; x_wconf 84' lang='lat' dir='ltr'>ut</span> <span class='ocrx_word' id='word_1_217' title='bbox 480 2362 612 2391; x_wconf 85' lang='lat' dir='ltr'>nostrae</span> <span class='ocrx_word' id='word_1_218' title='bbox 635 2361 741 2400; x_wconf 87' lang='lat' dir='ltr'>tergat</span> <span class='ocrx_word' id='word_1_219' title='bbox 958 2358 1111 2400; x_wconf 84' lang='lat' dir='ltr'>Militem,</span> <span class='ocrx_word' id='word_1_220' title='bbox 1137 2356 1329 2399; x_wconf 82' lang='lat' dir='ltr'>prophetiae</span> 
     </span>
    </p>
   </div>
   <div class='ocr_carea' id='block_1_5' title="bbox 305 2405 1353 2449">
    <p class='ocr_par' dir='ltr' id='par_1_15' title="bbox 305 2405 1353 2449">
     <span class='ocr_line' id='line_1_38' title="bbox 305 2405 1353 2449; baseline 0.002 -12"><span class='ocrx_word' id='word_1_221' title='bbox 305 2405 467 2440; x_wconf 83' lang='lat' dir='ltr'>Facinora</span> <span class='ocrx_word' id='word_1_222' title='bbox 491 2408 607 2449; x_wconf 88' lang='lat' dir='ltr'>plebis.</span> <span class='ocrx_word' id='word_1_223' title='bbox 1006 2407 1165 2440; x_wconf 88' lang='lat' dir='ltr'>Dominus</span> <span class='ocrx_word' id='word_1_224' title='bbox 1190 2405 1353 2439; x_wconf 85' lang='lat' dir='ltr'>formavit.</span> 
     </span>
    </p>
   </div>
  </div>
 </body>
</html>
