1655 2624
191 167 233 199 -3,
273 162 333 195 Oui
358 162 407 195 sol
433 165 466 194 et
488 163 621 195 aethera
900 162 933 195 5.
970 161 1158 195 Laudantes
1182 163 1328 193 nostrum
1351 160 1536 201 Dominum,

270 209 366 243 Luna
390 212 423 243 et
445 210 557 244 sidera
970 209 1097 243 Mariae
1120 208 1234 250 filium,

272 259 420 292 Vernant
440 268 501 300 per
524 262 682 300 tempora.
971 257 1093 300 Regem
1118 257 1296 290 humilium.

196 316 233 349 4.
273 316 321 349 Ob
348 316 410 349 hoc
433 325 520 349 nune
544 325 721 358 pangamus
901 318 932 351 6.
971 315 1020 350 Ut
1048 315 1165 349 dentur
1189 315 1282 348 nobis
1304 314 1452 355 praemia

271 364 316 398 Ei
341 372 450 397 omnes
481 367 514 396 et
534 364 653 406 singuli
971 364 1156 405 Magnaque
1180 363 1299 404 gaudia

274 411 352 445 Cum
378 421 457 446 voce
483 412 615 447 chorali.
972 412 1011 445 In
1038 412 1118 444 coeli
1145 411 1242 445 curia.

595 472 625 503 7.
666 470 725 503 Cui
750 471 822 502 laus
849 471 880 501 et
906 469 1021 511 gloria,

666 518 790 558 Honor,
821 516 967 558 victoria,

665 567 730 599 Per
756 568 871 598 cuneta
896 565 1035 598 saecula.

277 623 325 650 W.

696 782 739 815 De
757 790 838 815 novo
861 781 1015 824 episcopo.

200 855 234 889 1.
261 855 337 888 Jam
363 857 561 896 consurgunt
584 854 688 898 pueri,
950 854 983 887 4.
1023 852 1142 886 Noster
1169 854 1219 884 est
1243 851 1413 892 episcopus

323 903 466 944 Surgunt
492 905 524 934 et
546 907 694 946 majores,
1071 900 1165 933 Omni
1189 901 1287 933 laude
1318 900 1444 940 dignus,

275 950 336 990 Qui
361 951 464 983 nostri
491 951 635 991 episcopi
1024 950 1103 983 Cum
1128 957 1187 981 sua
1214 948 1370 989 progenie

321 999 472 1040 Diligunt
494 998 644 1033 honores,
1071 996 1195 1037 Largus
1221 998 1254 1027 et
1278 995 1448 1036 benignus

198 1058 234 1090 2.
275 1056 353 1096 Quis
380 1059 428 1088 est
450 1056 514 1088 iste
537 1053 686 1097 pontifex
952 1056 982 1088 5.
1021 1053 1158 1087 Praesul
1182 1053 1281 1094 venit,
1309 1052 1424 1093 cedite,

325 1104 422 1144 Cujus
447 1104 550 1137 honor
576 1103 702 1144 crescit,
1072 1100 1193 1134 Locum
1219 1101 1282 1133 sibi
1309 1101 1394 1141 date,

273 1152 321 1185 Et
346 1152 472 1186 decoris
497 1152 659 1192 quantitas
1021 1150 1069 1183 Et
1093 1150 1160 1190 ejus
1184 1149 1323 1190 vestigia

322 1201 560 1234 Detrimentum
586 1198 714 1233 nescit?
1072 1199 1197 1232 Pedum
1218 1198 1362 1230 adorate.

197 1261 235 1293 3.
273 1258 383 1292 Mater
406 1258 475 1299 ejus
499 1257 615 1291 merito
905 1258 937 1291 6.
953 1256 993 1291 R.
1022 1256 1226 1289 Gaudeamus
1252 1258 1284 1287 et
1308 1254 1486 1295 psallamus

324 1306 434 1340 Debet
461 1306 673 1347 congaudere,
1072 1304 1166 1337 Novo
1191 1304 1345 1344 praesuli,

275 1355 369 1396 Quod
394 1357 461 1388 tam
485 1354 625 1396 probum
649 1353 751 1387 filium
1025 1353 1081 1385 Ad
1108 1353 1264 1385 honorem
1288 1354 1321 1383 et
1347 1351 1497 1384 decorem

322 1404 446 1436 Meruit
474 1402 604 1436 habere.
1075 1400 1188 1434 Nostri
1215 1400 1369 1441 episcopi.

279 1470 328 1499 W.

844 1554 904 1594 31.

694 1632 738 1664 De
755 1630 935 1664 Nativitate
954 1630 989 1662 D.
1011 1629 1044 1661 N.

202 1708 235 1740 1.
275 1705 430 1738 Nascitur
458 1705 498 1737 dc
522 1704 650 1746 virgine
904 1705 937 1737 4.
977 1701 1149 1743 Supplices
1174 1701 1349 1742 puellulae,

275 1754 346 1787 Sini
371 1754 434 1786 viri
457 1753 588 1797 semine,
977 1751 1059 1791 Regi
1084 1753 1195 1782 nostro
1224 1749 1366 1791 psallite.

199 1815 234 1847 2.
275 1814 394 1846 Partus
415 1811 490 1849 ,sine
522 1811 656 1843 crimine
906 1812 939 1844 5.
976 1809 1065 1849 Ergo
1091 1809 1205 1841 nostra
1225 1807 1347 1848 concio,

274 1860 381 1895 Verus
404 1860 456 1895 sol
482 1860 638 1901 justitiae.
978 1857 1075 1891 Omni
1096 1857 1196 1897 plena
1218 1855 1335 1899 gaudio

199 1922 233 1954 3.
275 1921 392 1954 Omnes
416 1919 481 1951 mei
504 1919 586 1951 socii
906 1918 939 1952 6.
977 1916 1029 1949 De
1053 1916 1179 1956 virgine
1208 1915 1327 1956 genito,

276 1969 449 2002 Gaudeant
473 1976 602 2008 semper
625 1966 713 2000 laeti.
977 1964 1159 1998 Benedicat
1182 1963 1331 1997 Domino.

279 2037 329 2066 W.
349 2050 388 2055 ——
408 2035 470 2063 Ein
490 2034 560 2063 Rus.

695 2206 776 2239 Item
797 2204 835 2238 (le
854 2203 1047 2238 Nativitate.

202 2282 234 2315 1.
274 2280 439 2315 Nativitas
467 2280 608 2321 pueruli,
905 2279 938 2313 2.
976 2276 1091 2310 Illuxit
1115 2274 1286 2317 gloriosior

272 2328 385 2372 Magni
411 2329 496 2371 regis
525 2331 559 2361 et
582 2328 712 2371 parvuli
978 2326 1175 2366 Cunctisque
1199 2323 1372 2365 gratiosior

275 2378 346 2411 Nec
368 2387 434 2412 non
459 2378 544 2420 regis
564 2376 733 2411 humilimi.
978 2375 1025 2408 Et
1049 2382 1179 2414 semper
1201 2372 1385 2407 amabilior.

735 64 1001 100 ——163-—

1312 2429 1376 2459 11*
