1655 2624
645 43 887 79 ...q-66„-

735 137 793 178 80.

584 225 629 256 De
649 222 791 256 omnibus
812 223 948 256 sancti-s,

104 312 138 344 1.
175 309 311 342 Festiva
332 307 430 340 saecli
458 306 574 338 colitur

175 356 254 390 Dies
279 358 462 388 sanctorum
486 353 638 392 omnium,

176 404 238 443 Qui
261 404 400 444 regnant
421 403 455 434 in
479 400 682 441 coelestibus,

177 452 263 494 Jesu‚
289 454 395 483 tecum
420 449 570 483 feliciter.

107 530 138 561 2.
175 528 243 560 Hos
268 528 454 559 invocamus
480 526 599 567 cernui,

177 576 297 616 Teque,
325 575 512 615 redemptor
537 573 687 614 omnium,

177 623 248 656 Illis
273 623 395 663 tibique
419 623 583 662 supplices

179 672 295 704 Preces
320 673 482 711 gementes
508 669 680 704 fundimus.

109 751 141 783 3.
179 749 266 788 Jesu,
294 748 437 780 salvator
458 747 589 787 saeculi,

179 796 370 835 Redemptis
394 803 457 835 ope
480 795 626 833 subveni,

181 844 227 876 Et
249 844 307 884 pia
335 842 387 876 dei
412 843 561 885 genitrix,

181 891 324 924 Salutem
347 899 446 932 posce
462 890 597 923 miseris.

110 971 142 1002 4.
184 968 299 1001 Coetus
325 967 427 999 omnis
453 967 626 1007 angelicus,

180 1015 440 1049 Patriarcharum
469 1014 570 1055 cunei,

180 1064 224 1097 Et
249 1063 480 1103 prophetarum
504 1063 621 1095 merita

180 1111 285 1144 Nobis
310 1114 484 1151 precentur
505 1110 643 1143 veniam.

799 306 831 337 5.
868 303 1020 344 Baptista
1045 305 1168 339 Christi
1192 304 1345 344 praevius

870 351 917 384 Et
942 352 1084 393 claviger
1108 351 1278 385 aethereus

872 399 953 432 Cum
978 401 1095 434 ceteris
1116 400 1273 441 apostolis

871 447 940 481 Nos
965 449 1094 482 solvant
1116 458 1202 481 nexu
1228 447 1380 481 criminis.

825 554 833 563 .
872 527 995 560 Chorus
1021 530 1166 559 sacratus
1191 528 1381 565 martyrum,

875 573 1041 607 Confessio
1067 574 1271 608 sacerdotum

870 622 915 655 Et
939 622 1106 663 virginalis
1129 622 1259 655 castitas

871 670 938 703 Nos
960 679 980 702 a
1002 671 1144 711 peccatis
1170 670 1312 703 abluant.

826 774 834 781 .
871 747 1105 779 Monachorum
1130 744 1283 788 suffragia

874 795 1057 835 Omnesque
1081 795 1168 826 cives
1194 794 1308 826 coelici

872 844 1029 875 Annuant
1050 842 1133 874 votis
1156 842 1339 882 supplicum

872 891 918 923 Et
942 891 1030 923 vitae
1053 893 1193 930 poscant
1215 890 1405 930 praemium.

829 992 836 999 .
875 966 974 1010 Laus,
1000 967 1114 1006 honor,
1141 968 1255 1010 virtus,
1286 967 1392 1007 gloria

874 1015 944 1047 Deo
969 1016 1057 1054 patri
1082 1018 1113 1047 et
1137 1014 1206 1047 filio

876 1062 950 1096 Una
976 1071 1048 1094 cum
1072 1066 1182 1096 sancto
1210 1063 1327 1103 spiritu

877 1110 916 1142 In
940 1111 1140 1151 sempiterna
1163 1110 1303 1144 saecula.

185 1177 250 1206 Fol.
271 1178 308 1206 34
330 1177 359 1205 b.
385 1192 422 1196 —
449 1176 527 1205 Dan.
555 1176 581 1204 1.
610 1176 675 1204 297.
696 1191 736 1195 —
766 1176 944 1205 Aufschrist:
975 1178 1021 1205 De
1042 1177 1174 1205 omnium
1191 1179 1360 1205 sanctorum
1377 1175 1440 1213 (scl.

109 1215 195 1252 festo)
215 1215 272 1244 Hs.

744 1309 802 1349 81.

572 1394 608 1426 In
627 1394 796 1427 matutinis
815 1394 975 1427 laudibus.

112 1468 144 1501 1.
189 1466 325 1502 Christe,
353 1465 543 1507 redemptor
568 1465 718 1506 omnium,

183 1513 347 1546 Conserva
367 1517 439 1546 tuos
465 1512 614 1553 famulos,

180 1562 303 1594 Beatae
327 1570 455 1601 semper
479 1562 615 1603 virginis

185 1610 336 1642 Placatus
365 1610 481 1642 sanctis
509 1610 672 1650 precibus.

114 1690 146 1722 2.
183 1687 288 1720 Beata
312 1695 437 1728 quoque
462 1688 590 1727 agmina

186 1735 379 1768 Coelestium
403 1735 585 1775 spirituum,

184 1783 377 1824 Praeterita,
404 1784 600 1825 praesentia,

185 1833 312 1866 Futura
335 1832 422 1864 mala
443 1832 567 1872 pellite.

116 1911 148 1943 3.
188 1910 287 1942 Vates
312 1909 436 1942 aeterni
458 1908 580 1949 judicis

187 1957 401 1998 Apostolique
427 1958 558 1999 domini,

188 2005 386 2046 Suppliciter
411 2007 614 2046 exposcimus

189 2053 316 2086 Salvari
340 2055 459 2086 vestris
483 2054 645 2094 precibus.

808 1468 840 1500 4.
879 1467 1045 1508 Martyres
1069 1468 1133 1500 Dei
1157 1468 1275 1508 incliti,

878 1514 1153 1558 Confessoresque
1174 1516 1287 1557 lucidi,

880 1564 1006 1596 Vestris
1032 1564 1233 1597 orationibus

880 1611 949 1644 Nos
975 1611 1060 1644 ferte
1083 1613 1118 1645 in
1145 1611 1348 1647 coelestibus.

836 1717 842 1724 .
883 1689 1009 1722 Chorus
1035 1692 1221 1722 sanctarum
1243 1689 1405 1731 virginum

879 1737 1179 1778 Monachorumque
1203 1738 1345 1771 omnium

883 1786 987 1819 Simul
1012 1794 1083 1818 cum
1108 1786 1230 1818 sanctis
1256 1786 1416 1828 omnibus,

884 1835 1058 1868 Consortes
1085 1834 1207 1867 Christi
1230 1833 1341 1869 facite.

824 1914 845 1946 ”.
884 1910 1025 1943 Gentem
1048 1911 1176 1944 auferte
1198 1910 1361 1952 perfidam

885 1959 1095 1993 Credentium
1122 1960 1163 1994 de
1188 1959 1317 2003 finibus,

884 2008 934 2041 Ut
958 2008 1081 2042 Christi
1103 2009 1217 2042 laudes
1244 2008 1371 2042 debitas

888 2056 1114 2090 Persolvamus
1138 2058 1303 2091 alacriter.

581 2134 611 2166 7.
656 2132 769 2166 Gloria
790 2135 878 2175 patri
902 2134 1046 2176 ingenito

652 2181 798 2223 Ejusque
819 2185 996 2227 unigenito,

654 2230 773 2264 Sancto
797 2232 895 2265 simul
918 2233 1079 2273 paraclito

651 2278 691 2312 In
715 2280 914 2321 sempiterna
934 2282 1074 2314 saecula.

194 2343 260 2371 Fol.
284 2344 320 2372 35
341 2352 368 2372 a.
390 2359 429 2365 u—
449 2345 528 2373 Dan.
550 2346 575 2374 1.
597 2344 669 2382 2563
690 2347 781 2376 Mone
801 2347 868 2376 635.
