1655 2624
735 70 976 107 -73-,

184 168 241 203 11.
264 168 330 201 Hic
355 169 442 210 dies,
480 169 515 200 in
552 177 616 210 qua
647 169 709 202 tibi
745 178 819 202 con-

518 219 679 250 secratam

269 265 438 306 Conspicis
464 274 564 306 aram,
600 266 724 298 tribuat
745 275 819 306 per-

269 360 431 393 Gaudium
480 322 604 405 Ποζῗέῗ
653 362 823 403 vigeatque

522 410 618 451 longo

357 457 526 498 Temporis
551 467 621 489 11511.

879 170 935 205 12.
960 169 1072 203 Gloria
1105 179 1262 202 summum
1292 171 1423 202 resonet
1454 177 1514 208 pa-

1212 220 1347 259 rentem,

960 265 1073 299 Gloria
1088 270 1199 298 natum
1217 266 1405 306 pariterque
1420 273 1512 297 sanc-

1214 317 1281 345 tum

962 362 1121 403 Spiritum
1170 362 1258 395 dulci
1284 341 1291 357 ,
1317 362 1523 394 modulemur

1218 410 1336 450 hymno

1052 459 1153 491 Omne
1177 466 1237 500 per
1262 467 1385 491 aevum.

265 522 331 551 Fol.
355 523 390 551 41
416 524 445 551 b.
467 538 505 543 ——
525 523 603 551 Dan.
624 523 648 551 1.
673 524 755 552 1071.
777 539 815 543 —
835 523 860 557 2,
883 523 900 550 2
920 526 1039 552 resonet
1052 524 1107 552 Hs.
1128 540 1166 544 —
1186 526 1213 561 4,
1236 526 1251 552 3
1275 526 1397 552 crimate
1412 525 1468 552 Hs.
1485 538 1523 542 —

190 562 223 595 5,
245 561 261 587 2
282 561 463 598 veniamque
483 562 537 589 Hs.
560 576 599 582 --
621 562 646 596 6,
669 562 686 590 2
706 565 839 590 monstre
857 561 912 589 Hs.
934 576 971 581 -—-
994 563 1038 597 11,
1061 563 1077 590 2
1097 562 1195 591 tribue
1213 563 1269 590 Hs.
1291 578 1326 582 —
1350 563 1393 598 12,
1416 563 1431 591 3
1453 571 1523 590 mo—

188 598 325 628 dulamus
344 599 490 635 hymnum
510 599 568 627 Hs.

829 693 886 734 93.

730 778 820 811 Alius
840 779 987 819 hymnus.

193 861 224 894 1.
263 859 353 892 Urbs
380 859 478 892 beata
501 860 719 901 Hierusalem,

315 908 404 941 dicta
429 908 520 948 pacis
544 907 636 948 visio,

267 957 357 996 Quae
384 956 582 988 construitur
606 956 640 987 in
667 955 764 988 coelis

316 1004 399 1036 vivis
428 1013 467 1036 ex
492 1003 656 1044 lapidibus

265 1052 311 1084 Et
335 1052 459 1092 angelis
484 1053 639 1084 coornata

310 1103 348 1132 nt
373 1102 527 1141 sponsata
553 1098 679 1134 comite.

194 1178 229 1211 2.
267 1176 362 1209 Nova
385 1177 518 1209 veniens
545 1185 563 1208 e
589 1176 677 1208 coelo

312 1224 451 1264 nuptiali
475 1224 605 1265 talamo,

269 1272 472 1313 Praeparata
494 1277 531 1304 ut
555 1275 710 1313 sponsata

317 1321 486 1361 copuletur
517 1321 656 1360 domino,

266 1369 386 1402 Portae
412 1376 445 1401 et
468 1369 616 1409 murique
642 1369 710 1409 ejus

315 1427 355 1450 ex
383 1426 461 1449 auro
487 1416 670 1457 purissimo.

195 1496 227 1528 3.
268 1495 389 1527 Portae
411 1494 517 1526 nitent
541 1493 725 1534 margaritis

314 1542 426 1575 Aditis
452 1542 649 1584 patentibus,

266 1590 313 1623 Et
335 1591 459 1623 virtute
481 1591 671 1623 meritorum

313 1639 394 1672 illuc
415 1639 634 1672 introducitur

269 1687 389 1730 Omnis,
417 1687 472 1728 qui
495 1696 556 1727 per
578 1686 699 1720 Christi
717 1696 834 1720 nomen

317 1736 372 1768 hic
393 1736 428 1767 in
452 1735 573 1768 mundo
598 1736 767 1777 premitur.

194 1816 227 1847 4.
267 1812 494 1854 Tunsionibus‚
519 1813 682 1853 pressuris

317 1862 453 1904 expoliti
476 1862 616 1902 lapides,

269 1909 406 1952 Suisque
431 1913 585 1951 aptantur
609 1909 689 1942 locis

315 1969 376 2001 per
400 1968 531 1991 manum
556 1956 702 1999 artificis,

266 2008 495 2049 Disponuntur
519 2016 580 2048 per
604 2007 765 2040 mansuris

315 2057 417 2090 sacris
443 2055 611 2090 aedificiis.

199 2137 230 2168 5.
271 2134 381 2167 Omnis
407 2134 465 2167 illa
489 2133 560 2167 Deo
585 2143 679 2168 sacra

316 2186 349 2216 et
375 2183 496 2216 dilecta
521 2183 635 2216 civitas

267 2232 371 2267 Plena
392 2232 532 2265 modulis
557 2232 591 2265 in
615 2232 724 2273 laude,

317 2284 350 2313 et
376 2289 493 2315 canore
513 2281 619 2321 jubilo

268 2329 404 2363 Trinum
428 2329 535 2362 Deum
557 2331 752 2371 unicumque

318 2387 390 2414 cum
419 2377 531 2412 favore
553 2378 734 2420 praedicat.

918 863 948 894 6.
967 860 1142 901 Angularis
1168 860 1413 893 fundamentum

1014 908 1160 941 Christus
1185 908 1269 948 lapis
1294 910 1410 941 missus
1437 910 1496 948 est,

964 955 1024 995 Qui
1050 965 1207 997 compage
1232 956 1365 996 parietis

1011 1004 1046 1036 in
1067 1007 1205 1045 utroque
1227 1005 1379 1043 nectitur,

964 1052 1064 1091 Quem
1089 1051 1166 1084 Sion
1192 1055 1304 1085 sancta
1328 1052 1479 1094 suscepit,

1011 1100 1047 1132 in
1072 1109 1133 1142 quo
1160 1100 1295 1133 credens
1320 1102 1498 1141 permanet.

916 1178 946 1210 7.
960 1175 1165 1209 Fundatores
1190 1177 1305 1217 templi
1329 1176 1434 1218 hujus,

1014 1224 1152 1265 Christe,
1178 1229 1235 1258 tua
1261 1226 1396 1257 dextera

963 1272 1111 1315 Protege,
1140 1282 1296 1306 conserva
1319 1273 1459 1306 clemens

1013 1324 1046 1353 et
1069 1322 1103 1354 in
1128 1321 1220 1354 bonis
1247 1323 1377 1362 amplia,

963 1369 1009 1402 Et
1031 1369 1185 1410 praemiis
1210 1369 1416 1410 sempiternis

1012 1421 1069 1450 tua
1095 1418 1165 1450 dita
1191 1418 1335 1452 dextera.

919 1498 950 1530 8.
964 1495 1038 1528 Hoc
1062 1496 1096 1528 in
1121 1496 1251 1536 templo,
1284 1503 1406 1528 summe
1430 1495 1532 1536 Deus,

1013 1545 1165 1577 exoratus
1191 1543 1310 1576 adveni

965 1591 1010 1625 Et
1040 1592 1191 1625 clementi
1211 1592 1359 1625 bonitate

1013 1649 1146 1681 precum
1170 1645 1247 1674 vota
1275 1640 1413 1682 suscipe,

964 1687 1106 1730 Largam
1133 1689 1391 1721 benedictionem

1014 1738 1068 1770 hic
1092 1736 1229 1770 infunde
1251 1738 1382 1779 jugiter.

919 1816 950 1849 9.
965 1815 1030 1849 Hic
1054 1818 1302 1856 promereantur
1327 1824 1436 1848 omnes

1017 1864 1120 1905 petita
1144 1864 1319 1905 adquirere

966 1912 1012 1946 Et
1036 1913 1157 1954 adepta
1182 1912 1352 1953 possidere

1017 1970 1089 1993 cum
1112 1962 1234 1994 sanetis
1258 1961 1458 2003 perenniter,

967 2010 1161 2044 Paradisum
1183 2010 1329 2052 introire,

1012 2058 1164 2091 translati
1188 2059 1223 2092 in
1247 2060 1402 2100 requiem.

898 2136 952 2169 10.
968 2135 1175 2177 Quaesumus,
1203 2140 1292 2169 tuam
1315 2139 1464 2178 petentes

1016 2187 1181 2217 aeternam
1207 2185 1420 2226 clementiam,

966 2233 1086 2266 Annua
1117 2233 1305 2265 recursione

1016 2290 1076 2322 per
1096 2282 1272 2323 longinqua
1296 2285 1445 2323 tempora

969 2330 1015 2365 Ut
1038 2330 1125 2363 hunc
1148 2331 1234 2363 diem
1261 2331 1463 2365 celebremus

1019 2388 1090 2412 cum
1115 2388 1240 2413 summa
1263 2380 1398 2413 laetitia.
