1655 2624
650 44 913 80 —124—

117 144 149 176 3.
188 144 297 186 Virgo,
326 152 383 175 vas
407 143 595 184 munditiae,

235 190 327 223 Nulli
353 194 431 223 nota
454 191 547 231 mari,

187 238 278 271 Sicut
301 241 421 271 matres
448 239 533 271 aliae

235 286 345 319 Voluit
367 286 510 328 purgari,

186 334 276 367 Dans
301 333 505 367 obedientiae

235 381 377 423 Signum,
403 381 525 415 imitari

184 429 279 462 Hanc
304 429 456 462 debemus
484 431 583 463 hodie

233 477 447 518 Purgamento
472 479 556 519 pari.

114 555 146 587 4.
186 553 302 586 Currat
327 554 370 586 ad
398 554 565 588 ecclesiam

233 601 334 635 Modo
359 611 439 643 gens
462 602 580 645 fidelis,

184 649 292 682 Tollat
315 651 555 683 immunditiam

235 698 365 731 Peccati
394 698 543 740 erudelis,

183 745 403 786 Imploretque
428 746 565 787 gratiam

230 792 361 826 Domini
390 795 430 827 de
456 794 563 836 caelis,

183 841 346 873 Praebens
378 842 591 874 reverentiam

230 888 332 921 Matri
358 898 428 921 cum
456 890 607 924 candelis,

113 962 145 993 5.
182 960 370 1001 Apportent
395 962 429 993 in
453 962 601 994 manibus

232 1008 434 1042 Christianae
459 1012 570 1050 gentes

182 1056 368 1089 Praeclaris
394 1056 567 1089 luminibus

231 1103 395 1144 Getasque
413 1106 577 1145 ardentes,

183 1152 273 1184 Intus
299 1152 365 1184 sint
391 1152 563 1185 virtutibus

229 1199 419 1232 illustratae
443 1203 577 1244 mentes,

181 1246 227 1279 Et
250 1247 370 1279 sanctis
396 1249 547 1289 operibus

230 1295 278 1329 Ut
301 1295 409 1327 lumen
435 1296 655 1336 splendentes.

111 1368 144 1399 6.
181 1366 275 1398 Istud
301 1365 420 1398 festum
447 1367 565 1400 dieitur

229 1415 362 1448 Festum
384 1415 599 1455 candelarum,

182 1464 250 1501 Quo
275 1463 380 1494 scelus
405 1462 547 1495 abluitur

230 1510 343 1543 Sordis
370 1514 403 1542 et
426 1520 592 1553 noxarum,

180 1558 289 1599 Atque
319 1567 373 1590 cor
398 1559 587 1593 accenditur

231 1606 380 1639 Gentium
406 1607 545 1647 piarum,

179 1653 225 1686 Et
248 1653 332 1686 illud
359 1655 541 1687 ostenditur

227 1702 328 1735 Juxta
348 1702 457 1735 lumen
485 1704 615 1736 clarum.

110 1780 140 1811 ’7.
178 1779 217 1811 In
247 1779 379 1812 candela
403 1780 529 1813 bonitas

227 1827 361 1867 Triplex
390 1828 640 1870 demonstratur,

179 1875 291 1916 Fides,
317 1884 392 1916 spes
419 1878 451 1908 et
476 1877 606 1919 caritas,

228 1923 311 1955 Nam
336 1932 396 1964 per
422 1933 528 1957 ceram
552 1926 648 1958 datur

181 1970 336 2012 Gognosci
359 1970 512 2014 fidelitas,

226 2020 290 2052 Per
314 2018 404 2051 filum
429 2021 575 2061 signatur

180 2066 261 2107 Spes
284 2069 317 2098 et
342 2075 417 2099 cara
439 2069 545 2107 pietas

226 2115 290 2147 Per
313 2115 420 2147 lumen
441 2118 581 2149 notatur.

109 2194 139 2226 8.
178 2191 240 2224 His
266 2192 370 2224 tribus
403 2192 574 2226 virtutibus

225 2241 412 2273 Illustratus
437 2242 509 2282 erit,

179 2288 293 2322 Geram
319 2298 390 2321 cum
415 2290 590 2323 luminibus

227 2338 265 2369 In
289 2346 386 2370 manu
412 2338 466 2379 qui
491 2339 585 2379 gerit,

884 141 992 175 Aliter
1017 143 1074 175 abs
1101 141 1259 177 fructibus

933 190 1062 231 Templi
1084 191 1159 224 loca
1182 192 1317 233 quaerit,

883 238 930 271 Et
957 248 977 271 a
1001 239 1068 271 suis
1090 240 1215 272 actibus

934 287 1034 319 Totus
1060 287 1153 320 valor
1177 288 1273 327 perit.

840 365 871 399 9.
885 365 951 397 Per
977 364 1128 397 candelas
1156 364 1252 397 etiam

934 412 1041 445 Nosco
1066 412 1261 445 trinitatem:

886 461 970 494 Cera
992 469 1088 493 nosse
1110 461 1278 501 propriam

933 508 1000 541 Dat
1025 510 1263 549 paternitatem,

886 557 950 589 Per
975 555 1065 589 filum
1091 556 1240 589 eximiam

934 604 1035 637 Verbi
1059 605 1248 646 bonitatem,

886 652 1026 693 Spiritus
1053 652 1255 685 clementiam

935 699 1005 732 Seis
1029 709 1090 740 per
1115 700 1306 733 claritatem.

815 776 872 809 10.
886 776 932 808 I-Ii
955 779 1034 815 tres,
1062 776 1160 809 debet
1181 775 1319 809 firmiter

937 824 1079 857 Credere
1108 833 1198 857 mens
1224 826 1289 868 pia,

888 872 981 911 Quod
1011 872 1228 904 essentialiter

934 919 1009 952 Una
1031 923 1104 952 sunt
1130 920 1210 959 usia,

885 966 974 1000 Deus
999 968 1193 1000 mirabiliter

935 1015 1097 1055 Operatur
1122 1016 1206 1056 quia,

886 1063 966 1095 Tres
992 1066 1067 1096 sunt
1090 1064 1316 1107 personaliter,

932 1110 998 1143 Sed
1022 1120 1224 1152 nequaquam
1247 1111 1322 1144 tria.

813 1187 867 1220 11.
882 1187 979 1220 Hunc
1000 1187 1106 1221 Deum
1132 1197 1213 1228 quae
1238 1189 1349 1229 genuit

931 1235 1057 1268 Natura
1087 1237 1224 1280 devicta,

882 1283 924 1316 Se
946 1284 1104 1316 mundare
1131 1284 1242 1324 voluit,

932 1331 1020 1370 Quae
1044 1341 1148 1373 neque
1175 1332 1296 1365 delicta

882 1379 953 1411 Nee
976 1383 1146 1420 peceatum
1180 1381 1289 1421 coluit,

932 1426 996 1460 Sed
1021 1427 1102 1469 legis
1129 1429 1238 1461 edicta

884 1473 1041 1508 Refutare
1066 1476 1171 1510 noluit

931 1523 1029 1565 Virgo
1055 1524 1237 1558 benedicta.

810 1596 866 1628 12.
881 1595 997 1627 Miseri
1024 1605 1083 1628 nos
1109 1597 1250 1637 turpiter

929 1642 1027 1676 Unde
1052 1645 1266 1685 superbimus.

883 1692 962 1724 Cum
985 1694 1111 1733 gravati
1135 1694 1280 1734 graviter

929 1737 996 1774 Per
1019 1743 1157 1782 peccata
1179 1740 1302 1775 simus?

881 1787 945 1821 Cur
971 1789 1099 1822 extollit
1123 1790 1235 1823 taliter

930 1836 998 1869 Nos
1025 1835 1127 1870 fastus
1153 1838 1321 1880 sublimus,

882 1886 968 1924 Quos
998 1884 1154 1919 defoedat
1177 1887 1288 1920 viliter

930 1933 1140 1967 Peccatorum
1170 1934 1290 1968 fimus?

811 2005 867 2039 13,
880 2006 1084 2038 Accedamus
1107 2009 1255 2048 protinus

928 2054 982 2086 Ad
1007 2054 1174 2088 Christum
1197 2058 1368 2098 purgando

880 2100 1021 2134 Nostrae
1044 2104 1162 2136 mentis
1187 2104 1324 2146 facinus,

926 2150 1070 2183 Inveniri
1093 2153 1221 2192 quando

881 2197 959 2230 Pius
983 2201 1092 2239 potest,
1119 2200 1278 2243 dominus,

930 2245 1105 2281 Curramus
1135 2249 1307 2292 plorando,

878 2293 996 2327 Nullus
1025 2295 1094 2329 dies
1116 2298 1275 2330 crastinus

930 2342 978 2375 Sit
1004 2344 1037 2376 in
1065 2347 1296 2385 exspectando.
