1655 2624
655 39 919 75 —100-

746 132 830 173 141.

658 210 703 242 Dc
725 209 753 242 S.
774 208 911 250 Agatha.

118 285 149 320 1.
189 284 347 325 Martyris
373 290 449 314 ecce
474 281 542 315 dies
566 281 715 322 Agathae
813 282 845 314 4,
872 279 1007 313 Delioae
1032 278 1084 311 cui
1110 287 1221 311 carcer
1247 283 1326 321 erat,

188 331 329 372 Virginis
360 330 476 363 emicat
500 329 646 370 eximiae,
872 328 992 362 Pastor
1000 336 1093 361 ovem
1101 328 1218 361 Petrus
1226 328 1311 361 hanc
1319 330 1456 369 recreat,

189 381 257 419 Qua
288 378 351 411 sibi
376 378 523 411 Christus
558 386 628 410 eam
652 375 756 409 sociat
872 375 957 409 Inde
981 376 1093 417 gavisa
1114 376 1283 418 magisque
1304 375 1445 417 flagrans

186 426 232 460 Et
257 425 406 460 diadema
433 425 553 467 duplex
578 426 720 458 decorat.
875 425 1000 458 Cuncta
1022 422 1153 465 flagella
1172 425 1315 458 cucurrit
1332 433 1442 458 ovans,

119 487 151 519 2.
191 484 300 525 Stirpe
326 484 452 526 decens,
481 483 609 524 elegans
635 482 754 523 specie,
814 484 847 516 5.
874 482 948 515 Jam
965 483 1108 515 renitens
1127 482 1218 522 quasi
1244 490 1364 523 sponsa
1380 482 1456 522 polo

189 532 255 565 Sed
281 531 382 574 magis
407 530 533 564 actibus
558 533 655 572 atque
678 530 753 572 fide,
872 531 939 564 Pro
962 529 1090 562 miseris
1118 530 1281 571 supplicet
1303 530 1455 571 Domino,

187 579 310 613 Terrea
333 588 494 621 prospera
516 580 566 612 nil
587 581 754 620 reputans,
873 578 928 611 Sic
950 587 1009 611 sua
1033 577 1120 610 festa
1144 579 1208 611 coli
1232 577 1343 618 faciat,

192 627 288 661 Jussa
311 627 375 660 Dei
400 627 462 660 sibi
488 628 586 660 corde
610 628 724 667 ligans.
875 626 917 659 Se
942 626 1180 659 celebrantibus
1206 629 1243 658 ut
1267 624 1386 660 faveat.

118 687 149 719 3.
188 684 332 717 Fortiter
356 684 437 717 haec
452 684 661 724 trucibusque
676 684 755 717 viris
816 686 846 719 6.
873 683 1016 716 Ethnica
1039 683 1136 717 turba
1159 692 1273 725 rogum
1299 682 1425 725 fugiens

186 732 348 772 Exposuit
371 742 431 765 sua
452 732 598 765 membra
619 730 741 772 flagris,
872 732 980 771 Hujus
1006 734 1040 764 et
1060 731 1136 772 ipsa
1158 735 1302 765 meretur
1327 741 1431 773 opem,

186 781 321 814 Pectore
346 789 440 820 quam
465 779 573 813 fuerat
596 779 716 820 valido,
874 779 958 819 Quos
983 778 1062 812 fidei
1086 780 1199 813 titulus
1226 781 1369 821 decorat,

187 827 287 861 Torta
312 828 455 861 mamilla
481 827 576 861 docet
598 828 719 868 patulo.
872 827 1100 860 HisVe-nerem
1112 829 1214 869 magis
1230 837 1305 870 ergo
1317 830 1456 869 premat.

449 886 481 918 ¹7.
523 884 635 917 Gloria
661 892 732 916 cum
757 886 853 924 patre
879 884 922 916 sit
946 884 1055 924 genito

520 931 719 973 Spirituique
742 931 882 973 proinde
906 940 999 965 sacro

518 1009 614 1061 Hane
631 1012 646 1060 Ι.
664 1009 682 1063 Ι,
700 1009 718 1060 1.
736 1006 754 1060 ⁴.
771 1008 889 1061 *faciat*
905 1009 1089 1061 inemorem.

192 1093 256 1122 Fol.
279 1093 317 1121 92
335 1094 365 1122 b.
386 1108 425 1113 —
441 1093 520 1121 Dan.
540 1094 567 1121 1.
591 1093 625 1123 9:
646 1093 796 1122 Zuschrift
817 1094 867 1122 des
889 1093 1157 1130 11.—12.Jahrh.;
1177 1094 1274 1123 leider
1293 1096 1334 1123 ist
1346 1095 1455 1133 gerade

114 1132 164 1198 {lio
178 1132 355 1198 ἳρῖοΙοςίθ,
377 1132 467 1160 deren
479 1132 617 1168 Fassung
637 1132 685 1160 bei
700 1132 813 1161 Daniel
834 1131 966 1161 offenbar
985 1133 1170 1171 mangelhaft
1188 1134 1238 1169 ist,
1260 1133 1380 1162 absolut
1400 1142 1454 1162 un-

129 1178 150 1199 0⁴
162 1178 193 1198 er
205 1178 233 1198 10
256 1191 262 1197 .
