1655 2624
772 77 1016 114 —85—

226 318 258 351 1.
300 317 369 357 Qua
402 318 550 353 Christus
575 320 655 352 hora
680 320 771 361 sitiit,

856 173 938 214 115.

795 249 843 281 Ad
863 250 1002 282 Sextam.

930 323 960 355 3.
997 321 1165 355 Charisma
1188 322 1293 353 sancti
1318 322 1450 362 spiritus

301 365 438 399 Crucem
462 367 515 400 vel
541 368 575 400 in
601 377 664 409 qua
687 368 795 413 subiit,

299 414 384 453 Quos
409 418 558 455 praestat
581 416 614 448 in
638 416 700 448 hac
715 418 868 459 psallere,

297 462 391 495 Ditet
415 464 469 495 siti
490 464 647 504 justitiae.

226 522 258 554 2.
298 520 419 559 Quibus
445 520 488 552 sit
513 523 546 553 et
570 521 702 562 esuries,

300 568 401 607 Quam
424 568 497 609 ipse
523 569 564 601 de
585 578 621 601 se
643 570 750 611 satiet,

298 615 427 649 Crimen
452 616 495 648 sit
517 619 554 649 ut
580 615 747 650 fastidium

294 664 473 705 Virtusque
499 665 707 698 desiderium.

1001 369 1055 403 Sic
1078 369 1194 403 influat
1215 369 1439 410 psallentibus,

1001 417 1048 451 Ut
1073 418 1180 451 carnis
1207 420 1314 450 aestus
1340 416 1467 461 frigeat,

998 466 1045 498 Et
1068 466 1185 498 mentis
1210 466 1310 498 ardor
1334 465 1469 500 ferveat.

1001 522 1114 556 Gloria
1138 522 1209 561 tibi,
1236 523 1375 565 trinitas,

998 571 1154 611 Aequalis
1177 579 1243 603 una
1269 571 1382 613 deitas,

998 619 1042 651 Et
1068 621 1144 651 ante
1166 627 1260 650 omne
1283 619 1447 651 saeculum

996 667 1042 699 Et
1065 674 1151 699 nunc
1175 668 1208 697 et
1231 666 1267 698 in
1290 669 1492 707 perpetuum.

303 730 367 758 Fol.
391 731 426 759 65
449 739 475 759 a.
496 746 535 750 —-
554 732 633 760 Dan.
653 732 678 760 I.
702 732 766 761 169.
788 748 826 752 —
853 733 876 766 l,
900 732 919 761 4
936 732 1087 768 justitiam
1107 733 1162 761 Hs.
1184 747 1220 752 —
1242 733 1269 767 4,
1295 733 1305 761 1
1324 733 1495 770 Doxologie
1520 742 1564 761 er-

224 770 323 806 giinzt.

293 983 409 1015 Ternis
430 985 482 1015 ter
507 983 596 1015 horis
622 992 773 1016 numerus

293 1030 413 1063 Sacrae
436 1030 515 1063 fidei
540 1032 707 1072 panditur,

293 1078 389 1111 Nunc
415 1079 571 1111 trinitatis
597 1080 726 1112 nomine

291 1126 411 1159 Munus
440 1136 610 1167 precemur
635 1128 757 1161 veniae.

292 1184 446 1217 Latronis
473 1194 511 1217 en
538 1184 698 1218 confessio

293 1232 413 1266 Christi
437 1237 580 1266 meretur
605 1234 754 1275 gratiam,

291 1280 379 1314 Laus
403 1284 517 1314 nostra
540 1282 593 1314 vel
620 1282 747 1315 devotio

291 1328 439 1361 Meretur
462 1329 707 1371 indulgentiam.

300 1395 364 1424 Fol.
388 1395 424 1424 65
446 1396 474 1424 b.
496 1412 534 1416 —
555 1397 633 1425 Dan.
655 1398 678 1425 I.
700 1398 746 1425 73.

846 836 928 877 116.

800 912 847 945 Ad
867 914 993 946 Nonam.

928 986 959 1019 3.

995 985 1088 1017 Mors
1112 992 1173 1025 per
1199 992 1326 1015 crucem
1351 993 1436 1016 nunc
1453 984 1567 1016 interit

997 1033 1043 1065 Et
1066 1035 1142 1073 post
1167 1031 1318 1064 tenebras
1343 1032 1399 1063 lux
1425 1032 1511 1064 redit

995 1080 1124 1113 Horror
1150 1080 1297 1112 dehiscat
1321 1080 1489 1112 criminum

996 1128 1159 1169 Splendor
1181 1131 1319 1160 nitescat
1342 1128 1506 1162 mentium.

997 1186 1111 1219 Gloria
1138 1185 1210 1227 tibi,
1237 1186 1376 1226 trinitas,

995 1235 1151 1275 Aequalis
1176 1244 1242 1267 una
1268 1234 1382 1274 deitas,

994 1283 1041 1316 Et
1065 1286 1140 1316 ante
1165 1291 1259 1315 omne
1282 1283 1446 1314 saeculum

993 1331 1040 1363 Et
1063 1339 1149 1363 nunc
1174 1333 1206 1362 et
1229 1330 1263 1362 in
1288 1333 1492 1371 perpetuum.

828 1398 851 1433 1,
873 1396 892 1426 4
913 1399 1032 1426 veniam
1051 1398 1107 1426 Hs.

850 1482 929 1523 117.

716 1558 762 1591 De
781 1558 895 1591 Sancto
919 1558 1070 1591 Orientio.

554 1678 687 1720 inclyte,

244 1655 252 1663 .
278 1628 352 1663 Lux
382 1629 488 1669 orbis,
525 1629 653 1662 domine
677 1631 864 1671 praesulum
924 1632 958 1664 4.
985 1630 1070 1664 Nam
1083 1631 1161 1664 solis
1170 1630 1289 1662 retinet
1296 1630 1394 1671 Jubar
1403 1631 1565 1673 utoriens‚

986 1680 1160 1713 Piaestans
1186 1679 1330 1711 occiduis
1355 1680 1478 1712 lumina
1493 1678 1566 1712 fini-

281 1724 473 1758 Sanctorum
498 1726 614 1759 recolis
632 1730 725 1768 gesta
740 1728 792 1760 vel
810 1737 862 1760 or-

560 1775 687 1818 dinans,

1263 1727 1334 1770 bus,

984 1776 1218 1810 Perlustrando
1243 1776 1315 1816 pios
1340 1776 1556 1816 insuperabili

279 1821 383 1855 Nobis
389 1821 575 1862 pontificem
584 1823 663 1855 dans
671 1824 860 1866 Orientium,

364 1871 533 1903 Pastorem
558 1872 788 1906 venerabilem.

278 1929 342 1961 Hic
351 1928 465 1961 mundi
476 1929 615 1969 provide
629 1930 727 1963 noxia
738 1933 865 1972 respuit

277 1977 441 2010 Virtutum
457 1978 582 2010 meritis
596 1980 693 2019 atque
706 1978 861 2022 refloruit,

276 2027 469 2060 Sanctorum
485 2026 624 2060 rutilans
642 2028 677 2059 in
690 2028 860 2074 sapientia,

363 2074 559 2111 Cunctorum
587 2076 805 2111 beatissimus.

553 2185 707 2225 temnere,

277 2231 437 2265 Adversis
465 2231 575 2264 docuit
599 2232 663 2264 rite
687 2233 851 2275 resistere,

1069 1824 1251 1866 Splendore
1276 1824 1361 1856 sacri
1385 1824 1525 1857 luminis.

924 1884 954 1917 5.
981 1882 1119 1915 Nostras
1127 1891 1201 1923 ergo
1208 1890 1322 1922 preces
1328 1882 1570 1923 ipsepiissimus

984 1931 1165 1972 Coelorum,
1179 1931 1329 1972 petimus,
1343 1929 1465 1963 inferat
1472 1932 1567 1972 atria,

981 1980 1111 2013 Pellens
1137 1979 1323 2021 pectoribus
1349 1988 1495 2021 quaeque
1510 1989 1567 2012 no-

1259 2028 1365 2060 centia

1067 2076 1279 2111 Informando
1304 2076 1461 2111 salubria.

276 2134 336 2175 Qui
377 2133 507 2174 plebem
546 2134 667 2167 domini
703 2144 863 2176 prospera
923 2137 954 2170 6.
982 2135 1029 2169 Ut
1044 2135 1195 2177 patrique
1204 2135 1274 2168 Deo
1288 2135 1332 2167 sit.
1344 2135 1452 2176 genito
1461 2143 1568 2175 sacro,

981 2185 1100 2218 Sancto
1118 2183 1249 2225 spiritui
1266 2184 1308 2216 sit
1320 2183 1434 2227 honor,
1451 2183 1567 2226 gloria,

276 2279 345 2319 Quo
360 2280 441 2312 coeli
452 2280 562 2315 valeat
575 2281 694 2322 gaudia
702 2282 861 2315 scandere

363 2328 531 2361 Victorum
557 2330 761 2363 comitabilis.

980 2233 1093 2267 Virtus
1113 2232 1273 2273 continua,
1301 2232 1357 2272 qui
1373 2233 1463 2265 Deus
1482 2240 1566 2264 unus

1257 2283 1305 2312 est

1057 2329 1206 2364 Condens
1230 2304 1403 2369 prae⁷videt
1427 2330 1566 2364 saecula.

292 2395 357 2424 Fol.
381 2396 417 2424 65
438 2396 467 2424 b.
488 2409 527 2415 ·-
549 2397 580 2431 1,
613 2397 627 2425 1
649 2396 787 2425 dominus
809 2397 981 2434 praesulum
1001 2397 1147 2433 inclytum
1167 2396 1223 2424 Hs.
1244 2411 1283 2414 —
1304 2396 1330 2431 2,
1353 2396 1369 2424 3
1390 2397 1570 2433 sapientiae.
