1655 2624
717 60 956 97 ,49-

170 160 205 194 7.
246 159 313 199 Quo
336 168 395 191 nos
421 167 592 199 precamur
615 161 770 202 tempore,
870 161 900 194 8.
938 159 991 193 Da
1015 159 1118 199 nobis,
1144 159 1224 191 illuc
1248 159 1363 192 sedula

239 207 320 241 Jesu
343 208 532 248 redemptor
554 206 659 247 unice,
939 207 1121 241 Devotione
1144 208 1289 248 tendere,

240 256 332 288 Inter
356 258 428 288 tuos
452 256 486 287 in
511 254 643 287 aethera
941 255 1008 295 Quo
1033 259 1067 288 te
1093 256 1207 288 sedere
1229 264 1300 286 cum
1323 256 1418 295 patre

241 303 359 336 Servos
387 303 542 345 benignus
568 303 718 344 adgrega.
939 304 978 338 1n
1004 313 1079 337 arce
1103 304 1195 344 regni
1220 303 1391 336 credimus.

611 380 644 413 9.
672 378 787 411 Gloria
808 379 881 420 tibi,
905 380 1055 413 Domine.

246 446 310 475 Fol.
335 447 370 474 16
389 447 418 474 b.
439 462 476 466 —
496 445 563 483 Vgl.
583 444 695 474 Daniel
714 445 739 472 Ι.
759 445 826 474 206.
846 460 885 465 -
905 444 932 481 4,
954 446 970 474 3
992 455 1045 482 per
1065 455 1150 474 aures
1165 445 1374 475 verschrieben
1393 445 1448 474 Hs.

803 527 864 567 49.

678 603 793 636 Alius
813 603 991 644 hymnus.

171 676 203 709 1.
241 676 319 709 Jesu
342 678 455 708 nostra
479 674 671 715 redemptio,
868 676 899 708 3.
937 674 1063 709 Inferni
1090 675 1231 708 claustra
1254 678 1438 718 penetrans,

239 725 342 756 Amor
367 726 400 755 et
425 722 631 763 desiderium,
940 723 1026 756 Tuos
1053 724 1196 764 captivos
1221 724 1394 764 redimenS‚

236 771 326 804 Deus
352 772 479 803 creator
506 770 657 811 omnium,
937 770 1050 804 Victor
1074 771 1236 813 triumpho
1261 772 1364 804 nobili

238 821 343 853 Homo
367 819 399 851 in
426 817 491 850 fine
514 821 705 859 temporum.
937 820 993 852 Ad
1019 820 1166 852 dextram
1190 819 1294 860 patris
1320 819 1477 854 residens.

165 898 198 930 2.
239 896 327 936 Quae
348 898 381 928 te
406 895 485 927 vicit
510 896 689 936 clementia,
864 896 896 928 4.
935 897 1014 937 lpsa
1038 898 1071 928 te
1097 899 1190 937 cogat
1213 896 1329 937 pietas,

238 945 285 978 Ut
309 943 412 976 ferres
437 946 549 976 nostra
575 944 719 983 crimina,
936 943 982 977 Ut
1006 945 1092 976 mala
1116 946 1228 976 nostra
1252 952 1385 984 superes

239 990 414 1026 Crudelem
438 994 575 1024 mortem
599 992 737 1032 patienS,
936 992 1104 1025 Parcendo
1131 994 1163 1023 et
1186 991 1254 1024 voti
1281 993 1443 1032 compotes

237 1040 284 1073 Ut
305 1049 364 1073 nos
389 1050 409 1073 a
432 1042 537 1072 morte
562 1037 718 1071 tolleres?
936 1038 1004 1071 Nos
1027 1042 1082 1072 tuo
1106 1040 1198 1071 vultu
1219 1039 1328 1074 satieS.

500 1108 531 1140 5.
570 1106 619 1138 Tu
645 1108 713 1138 esto
738 1108 883 1138 nostrum
907 1106 1070 1147 gaudium,

570 1154 632 1194 Qui
657 1163 691 1186 es
716 1152 843 1186 futurus
868 1154 1057 1194 praemium,

571 1201 623 1234 Sit
645 1204 758 1235 nostra
781 1202 814 1234 in
841 1204 875 1233 te
899 1202 1003 1243 gloria

571 1251 636 1283 Per
662 1252 778 1282 cuncta
801 1257 930 1290 semper
954 1251 1092 1284 saecula.

242 1318 306 1347 Fol.
333 1318 366 1346 17
388 1326 415 1346 a.
435 1333 474 1337 —
495 1317 573 1345 Dan.
593 1317 618 1345 Ι.
641 1317 692 1352 633
711 1317 803 1345 Mone
825 1316 889 1344 173.

800 1400 858 1441 50.

654 1477 734 1509 Item
755 1476 838 1508 alius
858 1476 1003 1516 hymnus.

162 1553 193 1586 1.
233 1551 307 1583 Jam
326 1549 470 1583 Christus
489 1552 578 1582 astra
594 1548 796 1589 ascenderat,
863 1550 892 1582 5.
931 1549 1071 1589 Impleta
1095 1548 1238 1589 gaudent
1262 1548 1397 1587 viscera,

229 1600 409 1639 Regressus
433 1599 522 1630 unde
544 1599 690 1638 venerat,
933 1596 1060 1630 Afflata
1084 1599 1197 1629 sancto
1221 1596 1350 1638 spiritu,

233 1647 398 1680 Promissa
422 1647 526 1686 patris
546 1654 690 1687 munera,
933 1646 1037 1678 Voces
1065 1646 1210 1678 diversas
1235 1645 1395 1684 intonant,

233 1695 386 1728 Sanctum
415 1694 549 1727 daturus
574 1694 735 1734 spiritum.
932 1695 1059 1727 Fantur
1082 1693 1146 1727 Dei
1169 1693 1342 1735 magnalia.

162 1773 192 1805 2.
234 1772 392 1805 Solemnis
416 1771 554 1813 urgebat
580 1771 658 1814 dies,
861 1772 893 1805 6.
931 1772 984 1804 Ex
1010 1772 1096 1803 omni
1119 1773 1215 1811 gente
1244 1770 1364 1811 cogniti

230 1821 298 1861 Quo
321 1821 459 1862 mystico
484 1820 687 1860 septemplici
933 1820 1077 1860 Graecis,
1098 1818 1219 1860 latinis,
1246 1817 1405 1858 barbariS,

232 1868 328 1902 Orbis
351 1869 481 1901 volutus
505 1868 626 1909 septies
930 1868 1127 1909 cunctisque
1151 1867 1388 1900 admirantibus

231 1917 343 1959 Signat
370 1917 467 1950 beata
490 1919 648 1956 tempora.
929 1916 1064 1957 Linguis
1089 1917 1264 1956 loquuntur
1288 1914 1447 1948 omnibus.

158 1986 189 2019 3.
231 1984 310 2018 Cum
334 1984 415 2018 hora
441 1985 564 2017 cunctis
590 1985 688 2018 tertia
859 1985 890 2020 7.
930 1984 1058 2018 Judaea
1081 1987 1159 2016 tunc
1185 1984 1364 2025 incredula,

229 2034 378 2075 Repente
402 2034 541 2066 mundus
566 2033 703 2073 intonat,
927 2035 1058 2067 Vesana
1082 2035 1174 2065 torvo
1200 2032 1328 2074 spiritu,

229 2082 402 2115 Orantibus
428 2081 583 2122 apostolis
928 2083 1071 2116 Ructare
1094 2082 1191 2114 musti
1217 2081 1352 2122 crapula

227 2130 335 2163 Deum
359 2130 487 2164 venisse
512 2130 648 2163 nuntiat.
927 2132 1084 2164 Alumnos
1111 2130 1235 2164 Christi
1259 2130 1446 2169 concrepat.

155 2208 188 2243 4.
226 2208 278 2241 De
302 2209 405 2249 patris
427 2217 502 2250 ergo
526 2208 647 2241 lumine
855 2211 889 2244 8.
929 2209 994 2243 Sed
1020 2209 1119 2250 signis
1146 2210 1178 2240 et
1202 2207 1377 2240 virtutibus

225 2257 370 2290 Decorus
395 2257 479 2299 ignis
505 2258 608 2290 almus
629 2259 689 2301 est,
928 2258 1079 2292 Occurrit
1104 2259 1136 2288 et
1162 2257 1258 2289 docet
1281 2257 1410 2298 Petrus,

228 2305 295 2345 Quo
320 2304 388 2339 fida
414 2305 535 2341 Christi
559 2306 695 2347 pectora
926 2306 1044 2340 Falsos
1069 2304 1203 2347 probari
1229 2303 1373 2346 perfidos

228 2354 342 2390 Calore
366 2354 459 2387 verbi
485 2355 655 2396 compleat.
927 2355 1029 2389 Joelis
1054 2353 1249 2387 testimonio.

213 2415 231 2437 Ι)
238 2422 250 2438 r
256 2420 289 2437 ev
296 2420 310 2437 e
316 2421 329 2437 s
337 2431 343 2442 ,
357 2415 506 2444 Hymnar'ms
519 2415 712 2441 Moissiaeensis.
1299 2408 1320 2438 4
