1655 2624
123 178 129 183 .
169 149 395 182 Sanctificetur

217 199 255 231 In
280 198 399 230 nostris
424 197 573 230 cordibus

169 245 293 278 Nomen
318 245 396 279 Jesu
425 245 545 278 Christi

219 294 298 327 Cum
324 292 579 328 charismatibus

120 377 128 384 .
167 351 211 383 Et
236 353 349 391 regnet
371 351 406 384 in
431 351 523 384 nobis

216 399 304 431 Deus
330 399 480 440 optimus,

167 446 242 479 Non
268 455 354 486 earo,
379 456 445 480 non
472 447 610 480 mundus

215 495 288 527 Non
313 495 468 528 diabolus.

121 578 126 584 .
166 552 242 585 Fiat
264 553 412 585 voluntas

214 600 284 632 Tua
305 600 396 640 regia

166 647 300 688 Semper
324 649 357 681 in
382 647 474 681 nobis

212 695 282 728 Abs
312 697 492 730 renitentia.

120 779 127 786 .
167 752 257 785 Sicut
283 756 330 785 est
355 754 388 786 in
414 755 511 787 coelis

211 802 249 834 In
275 802 360 834 omni
384 802 498 843 gloria,

166 848 220 881 Sic
243 847 300 882 fiat
324 850 359 882 in
383 850 479 882 terris

210 898 274 930 Pro
300 901 356 930 tua
379 898 494 938 gratia.

116 980 122 987 .
162 954 282 987 Panem
308 955 450 987 divinum

210 1002 344 1042 Semper
367 1003 461 1036 nobis
489 1004 539 1044 da,

165 1049 326 1082 Christum
356 1050 560 1083 benedictum

210 1097 290 1131 Cum
315 1096 495 1131 affluentia.

729 50 797 87 168
846 72 894 77 ——

818 151 849 184 8.
864 150 908 183 Et
935 150 1062 183 dimitte
1092 150 1202 183 debita

913 198 1006 231 Licet
1029 198 1179 238 maxima,

864 246 970 287 Supra
994 246 1125 280 modum
1150 247 1263 286 gravia

913 294 1007 327 Licet
1032 298 1063 327 et
1092 295 1242 335 plurima.

817 353 848 386 9.
864 352 955 387 Sicut
979 362 1037 385 nos
1064 352 1254 385 dimittimus

913 401 1112 434 debitoribus

865 448 1084 482 Condonantlo
1110 449 1258 481 omnibus

911 497 1030 539 Culpas
1057 505 1097 530 ex
1128 497 1289 531 cordibus,

791 554 847 587 10.
862 553 907 587 Et
931 564 973 587 ne
998 564 1055 587 nos
1080 554 1217 588 inducas

910 603 950 635 In
974 602 1076 635 hostis
1102 603 1261 645 laqueum,

861 650 928 683 Sed
954 651 1139 684 demonstra
1165 651 1325 691 quodlibit

910 699 1064 732 sathanae
1086 703 1243 733 conatum.

791 755 989 798 11.Libera‚
1017 757 1161 790 salvator

909 803 1175 845 clementissime,

860 850 928 883 Nos
955 862 975 885 a
994 854 1088 885 malis
1114 852 1261 886 omnibus

907 900 947 932 In
971 904 1025 933 tuo
1054 902 1193 934 nomine.

788 956 843 990 12.
857 957 960 990 Amen
992 957 1134 990 dicamus

907 1005 1025 1038 Omnes
1051 1007 1185 1046 pariter.

859 1053 904 1087 Ut
928 1053 1021 1086 nobis
1047 1055 1172 1087 relaxet

906 1101 1025 1142 Culpas
1050 1102 1242 1144 benigniter.

166 1163 214 1191 W.
235 1178 274 1183 -
294 1164 450 1193 Poetische
467 1165 705 1202 Umschreibung
725 1165 775 1194 (les
791 1165 879 1194 Pater
892 1169 1001 1195 noster.
1020 1183 1058 1187 —
1080 1170 1105 1201 5,
1129 1169 1144 1197 2
1159 1169 1225 1198 Tua
1247 1179 1312 1206 reg(
1324 1180 1350 1200 re
1368 1171 1424 1199 Hs.

724 1287 784 1327 41.

607 1373 652 1405 De
671 1373 706 1405 B.
732 1373 769 1405 Y.
791 1374 906 1407 Maria.

114 1477 120 1483 .
160 1450 200 1483 In
221 1451 349 1484 laudem
375 1453 488 1485 matris
513 1454 598 1495 piae,

209 1498 380 1532 Genitricis
406 1501 541 1543 Mariae,

251 1546 410 1580 Decantet
434 1549 595 1590 virginum

159 1602 281 1637 Chorus
307 1608 339 1637 et
362 1606 557 1649 angelorum,

205 1652 346 1694 Agmina
371 1654 541 1687 beatorum

255 1701 435 1742 coetusque
460 1702 632 1738 hominum,

158 1758 257 1791 Vates
281 1759 522 1799 praenuntiavit

205 1805 303 1839 Sacro
329 1807 515 1850 spiramine,

157 1853 268 1887 Bubus
294 1857 412 1888 ardens
436 1860 637 1899 monstravit,

156 1901 258 1943 Virga
281 1901 437 1937 frondens
462 1904 614 1940 formavit

204 1949 303 1983 Flore
329 1961 400 1984 eum
423 1955 575 1994 germine.

155 1998 300 2031 Puellam
325 1999 510 2034 fecundarit

203 2046 276 2080 Non
301 2047 363 2080 viri
388 2049 518 2090 semine,

155 2094 292 2128 Sanctus
316 2096 376 2128 sed
402 2097 605 2132 obumbravit

156 2142 306 2182 Spiritus,
332 2145 549 2187 impregnaxit

201 2190 320 2225 Divino
345 2191 483 2228 flamine.

784 1458 816 1489 2.
853 1456 926 1489 Rex
949 1466 1008 1498 per
1033 1461 1163 1498 portam
1186 1460 1350 1502 transivit,

904 1504 1057 1538 Ezechiel
1082 1509 1118 1538 ut
1143 1507 1236 1547 vidit,

953 1554 1133 1595 Clausaque
1158 1558 1348 1596 permansit.

853 1609 931 1642 Post
950 1614 1079 1651 partum
1099 1615 1175 1645 nato
1201 1613 1294 1653 prole

903 1658 1109 1700 Virginitatis
1134 1659 1214 1693 flore

950 1707 1104 1741 Manente
1130 1710 1318 1750 pertransit.

855 1764 969 1796 Puella
993 1767 1159 1805 generavit

903 1812 1008 1845 Castis
1035 1815 1214 1847 visceribus

853 1860 984 1904 Regem,
1011 1863 1115 1895 solum
1136 1864 1268 1908 creavit,

851 1908 968 1941 Polum
991 1910 1048 1950 qui
1072 1912 1244 1944 adornavit

903 1954 1008 1990 Glaris
1034 1959 1206 1992 sideribus

852 2006 997 2046 Angelus
1021 2008 1182 2040 nuntiarit

901 2053 1013 2087 Palam
1037 2056 1233 2097 pastoribus,

849 2101 1024 2135 Exercitus
1048 2103 1195 2136 laudavit

850 2149 1086 2191 Dominamque
1119 2152 1249 2185 donavit

900 2199 1019 2232 Pacem
1047 2200 1239 2233 hominibus.

416 2255 449 2288 3.
488 2253 592 2287 Stella
617 2256 767 2289 ducatum
793 2260 950 2297 praestat.

535 2303 655 2336 Filium
680 2305 769 2345 virgo
796 2308 900 2346 gestat

581 2351 705 2387 Domus
730 2352 764 2385 in
789 2353 929 2394 stabulo,
