1655 2624
713 73 971 108 —127—

164 171 199 201 3.
239 166 359 208 Angeli
385 170 556 208 sequentes
870 174 902 206 6.
941 171 1107 213 Martyres
1132 171 1209 203 hinc
1234 171 1354 204 Christi

283 216 404 247 Vocem
431 215 603 249 Michaelis
991 219 1143 253 Gaudent
1166 220 1400 260 praecinentes,

235 264 319 297 Sunt
341 263 420 296 inde
445 267 608 305 canentes,
942 268 1027 308 Quos
1052 270 1212 301 tormento
1237 267 1325 300 tristi

286 312 366 345 Cum
392 311 509 345 ductor
533 311 640 346 fidelis
989 317 1131 349 Fecerat
1153 319 1315 356 gementes

330 359 458 392 Horum
481 360 627 394 Michael
653 362 697 395 sis
708 373 716 402 ς
1033 363 1220 404 Principum
1245 364 1394 396 vesania:

238 409 300 441 Per
324 417 419 440 voces
447 409 606 441 clarentes
940 411 1030 453 Sunt,
1058 422 1076 445 o
1101 411 1220 455 David,
1246 411 1301 444 isti

280 455 414 497 Piisque
439 457 576 501 loquelis
986 460 1097 493 Incliti
1124 460 1342 502 splendentes,

234 504 317 537 Sunt
340 505 406 545 ipsi
432 505 577 538 dicentes
589 516 596 538 :
939 507 991 539 De
1016 508 1130 549 quibus
1158 508 1286 540 dixisti:

280 553 477 586 Laudate
512 552 732 586 Dominum
762 555 808 586 de
989 555 1113 595 Quare
1135 554 1392 588 fremuerunt
1418 565 1507 597 gen-

496 610 514 633 c
522 610 540 633 o
552 609 569 632 e
580 601 592 634 1
601 602 614 634 i
623 611 639 633 s
651 628 658 645 ‚
1205 606 1220 635 t
1228 613 1246 635 e
1253 613 1269 635 s
1281 627 1288 644 ,

327 648 525 682 Laudate
550 657 637 681 eum
661 650 702 683 in
731 658 803 682 ex-
1035 652 1089 684 Et
1125 652 1280 692 populi
1303 652 1508 686 mditati

495 697 643 732 celsis.
1200 702 1299 732 sunt
1319 700 1495 732 inania?

159 757 192 788 4.
230 755 317 788 Hinc
344 759 464 788 canunt
486 756 668 797 prophetae

278 804 399 844 Magno
422 804 558 844 jubileo,

231 853 251 886 J
254 861 310 884 esu
336 852 475 892 Christe,
501 853 587 885 laete

282 900 427 940 Qualiter
451 903 488 932 ut
511 900 562 931 leo

330 947 470 980 Certasti
497 957 557 989 pro
583 949 659 989 reis,

233 997 293 1035 Qui
318 1005 404 1028 nunc
430 1005 463 1028 es
489 996 598 1037 quiete

280 1044 417 1077 Junctus
443 1044 530 1085 patri
555 1044 635 1087 Deo,

233 1092 342 1125 David
368 1092 416 1124 ait
442 1093 483 1125 de
507 1095 556 1124 te:

279 1140 404 1174 Dixit
423 1139 618 1173 dominus
638 1138 805 1171 domino

493 1197 525 1220 m
535 1196 553 1219 e
562 1197 580 1220 o
594 1212 601 1228 ,

328 1235 438 1269 Sede
463 1246 482 1268 a
501 1235 670 1269 dextris
689 1235 803 1270 meis,

162 1297 193 1328 5.
233 1294 349 1327 Petrus
377 1296 410 1326 et
433 1294 564 1327 sodales

866 785 897 816 7.
939 782 1022 814 Inde
1048 780 1266 814 confessorum

985 830 1097 862 Turba
1128 829 1323 869 decantabit,

937 878 1073 918 Voxque
1096 878 1323 910 monachorum

986 926 1105 958 Dulces
1131 925 1244 957 laudes
1273 925 1365 958 dabit

1035 974 1182 1007 Creatori
1207 983 1274 1015 suo,

937 1022 1080 1061 Quilibet
1102 1029 1210 1053 corum

986 1069 1042 1102 Sic
1064 1069 1280 1110 interrogabit

937 1118 1059 1159 Regem
1085 1118 1271 1157 angelorum
1282 1129 1290 1149 :

985 1165 1163 1199 Domine
1203 1166 1296 1206 quis
1334 1164 1506 1198 habita-

1197 1214 1218 1245 b
1227 1214 1262 1245 it

1032 1262 1080 1293 ln
1103 1261 1175 1293 tab
1187 1261 1390 1294 ernaculo
1409 1262 1506 1296 tu0‘÷

279 1342 337 1376 Sui
361 1342 522 1383 praebent
544 1342 574 1374 ei
866 1346 897 1379 8.
939 1343 1106 1384 Virginum
1132 1346 1317 1376 sanctarum

230 1390 361 1424 Laudes
382 1391 551 1432 speciales,
983 1391 1098 1424 Dulcis
1127 1391 1321 1433 symphonia

282 1439 344 1479 Qui
368 1439 522 1480 cujusque
547 1439 596 1470 rei
937 1440 1106 1473 Canticum
1129 1440 1334 1480 praeclarum

326 1487 389 1519 Est
414 1486 715 1527 confortamentum,
984 1488 1052 1520 Dat
1077 1489 1112 1520 in
1137 1487 1321 1521 hierarchia

234 1536 347 1571 Coelos
377 1539 473 1568 vocat
497 1535 580 1567 tales
1036 1537 1215 1570 Salvatoris
1240 1536 1361 1569 nomini
1373 1544 1381 1578 3

280 1584 352 1617 Vox
376 1583 486 1617 David
511 1583 532 1616 J
533 1584 639 1624 udaei‚
939 1584 1087 1617 Vertitur
1113 1593 1223 1617 earum

231 1633 306 1666 Non
330 1633 418 1665 vires
444 1633 603 1673 carnales,
986 1633 1059 1666 Vox
1082 1634 1118 1665 in
1145 1632 1321 1674 prophetia

281 1681 404 1715 Coeli
433 1683 642 1713 enarrant
666 1680 804 1722 glori·
937 1682 1033 1714 More
1057 1682 1308 1723 prophetarum:

445 1739 505 1761 am
530 1729 631 1770 Dei,
986 1730 1113 1763 Beati
1155 1729 1426 1762 immaculati
1467 1729 1510 1760 in

327 1777 382 1810 Et
428 1787 562 1818 opera
613 1786 805 1810 manuum
1200 1779 1287 1821 via,

446 1827 539 1867 ejus
569 1825 805 1858 annuntiat
1035 1828 1111 1868 Qui
1129 1827 1352 1859 ambulant
1367 1835 1407 1857 in
1422 1827 1510 1867 lege

445 1873 774 1908 firmamentum.
1201 1874 1371 1908 domini.

234 1932 299 1960 Fol.
329 1931 359 1958 91
397 1939 415 1959 a
519 1931 550 1965 3,
584 1932 596 1959 1
625 1931 711 1960 dator
731 1930 787 1959 Hs.
809 1946 844 1950 —
875 1932 907 1967 8,
938 1932 954 1960 6
989 1932 1090 1961 Utitur
1117 1932 1172 1960 Hs.
1206 1932 1340 1961 offenbar
1367 1931 1420 1959 das
1457 1930 1506 1959 ib-

158 1970 436 2008 kiirzungszeichen
458 1971 533 1999 iiber
554 1970 621 1998 dem
643 1971 672 1999 U
691 1978 861 2006 vergesseu.

658 2093 800 2127 Omnium
821 2093 1018 2126 Sanctorum.

157 2148 189 2180 1.
228 2148 268 2181 In
293 2148 356 2181 hoc
381 2146 466 2180 festo
491 2150 600 2180 mente
625 2157 709 2189 pura
865 2149 897 2181 2.
937 2147 1051 2180 Annus
1076 2148 1182 2180 nescit
1205 2149 1317 2180 sancto
1345 2147 1457 2180 cuiviS.

227 2197 383 2230 Promens
411 2198 479 2229 esto
505 2196 613 2229 laudis
634 2197 721 2237 jura,
938 2195 999 2236 Qui
1025 2196 1162 2237 quiescit
1187 2199 1220 2228 et
1245 2199 1295 2228 est
1320 2195 1400 2228 civis

281 2244 366 2278 Cleri
397 2245 612 2290 congregatio,
986 2246 1026 2278 In
1050 2244 1181 2278 coelesti
1206 2244 1323 2285 patria,

229 2293 309 2325 Dies
334 2293 407 2333 pius
434 2297 484 2326 est
508 2296 703 2338 sanctorum,
937 2293 1084 2334 Sparsim
1110 2293 1189 2326 dare
1213 2294 1298 2326 diem
1322 2295 1470 2325 sanctum

230 2341 304 2374 Non
329 2342 429 2374 solius
455 2343 513 2376 sed
540 2345 728 2378 cunctorum
936 2342 1007 2374 Nec
1015 2342 1161 2383 laudare,
1173 2344 1508 2383 quamqmmtantum,

279 2391 358 2424 Cum
382 2391 425 2423 sit
450 2391 634 2425 celebratio.
983 2390 1126 2432 Speciali
1148 2392 1256 2426 latria.
