1655 2624
739 62 969 99 —61-

189 158 220 190 7.
262 157 360 191 Unde
384 156 605 204 concentu(m)
630 158 744 193 fidium
771 170 823 193 ca-
890 163 922 195 8.
961 161 1059 204 Laus,
1090 161 1193 194 honor
1217 170 1345 203 semper
1374 163 1470 195 decus
1494 164 1527 195 et

523 217 606 241 nora
1222 212 1366 250 potestas

262 253 334 286 Oris
377 257 409 287 et
452 256 559 288 cordis
600 255 672 297 tibi,
714 260 825 289 sancte
963 258 1015 291 Sit
1047 259 1158 290 sancto
1194 259 1281 297 patri
1307 258 1403 290 simul
1427 261 1523 299 atque

522 307 659 346 martyr,
1221 309 1297 338 nato

261 349 434 383 Psallimus
491 352 571 384 laeti
622 353 827 393 canimusque
961 352 1102 386 Flamini
1137 361 1199 385 nec
1231 363 1295 386 non
1321 352 1362 385 ab
1388 356 1524 394 utroque

524 402 631 433 cuncti
1220 400 1292 434 fuso

360 446 476 479 Mania
498 448 616 482 laudis.
1062 448 1222 488 Tempore
1247 450 1370 481 cuncto.

267 512 332 540 Fol.
353 512 389 541 29
411 520 437 540 a.
458 514 515 541 mit
533 514 602 542 Mel.
623 530 661 535 -—
683 514 712 548 2,
745 515 758 542 1
781 523 899 543 roseum
920 514 975 541 Hs.
997 528 1034 533 —
1056 515 1088 547 3,
1111 514 1128 541 3
1150 516 1223 542 nutu
1245 515 1299 543 Hs.
1320 529 1358 533 —
1381 514 1412 549 3,
1433 516 1452 543 4
1475 515 1523 543 de-

193 549 276 577 hixit
293 550 349 578 Hs.
369 566 409 570 —
429 552 462 586 4,
489 552 508 579 2
525 553 615 581 beate
636 553 753 589 corpori
774 553 893 589 glebam
912 552 1013 588 gladio
1032 553 1161 580 recisum
1180 553 1236 580 Hs.
1257 569 1295 574 —
1315 553 1348 586 6,
1371 554 1382 581 1
1407 554 1524 581 volueri

190 588 321 623 gemella
340 590 397 618 rite
417 589 571 619 candentis
591 592 647 620 Hs.
669 606 705 610 —-
730 593 754 625 6,
778 596 793 620 3
811 600 865 628 per
883 591 965 618 unda
983 591 1038 618 Hs.

624 769 766 809 Hymnus
786 770 826 802 de
845 769 959 802 sancta
978 769 1092 801 Maria.

188 837 223 870 Ί.
264 838 289 871 O
315 839 407 880 virgo
433 839 586 880 princeps
611 841 783 883 virginum,
889 843 921 875 5.
959 842 1024 875 Per
1047 842 1170 882 lignum
1194 841 1365 873 indulcans
1394 840 1499 872 crucis

267 886 357 926 Quae
381 887 469 920 auris
494 889 597 920 sensit
619 889 709 929 talia,
962 889 1099 922 Gustum
1124 897 1253 920 amarae
1278 888 1414 925 arboris,

266 935 359 974 Quod
383 936 474 976 virgo
499 937 563 968 viri
586 937 696 969 nescia
960 937 1153 969 Resurrexit
1179 937 1219 969 de
1244 936 1390 973 mortuis,

265 982 317 1015 Tu
339 986 428 1016 casta
453 983 497 1016 sis
522 993 695 1026 puerpera.
960 984 1119 1017 Ascendit
1142 984 1187 1016 ad
1211 985 1323 1017 sedem
1346 984 1461 1023 patris.

188 1069 221 1102 2.
262 1067 389 1108 Regina
411 1069 526 1101 mundi
549 1069 679 1112 nobiliS‚
890 1071 921 1103 6.
960 1070 1057 1103 Felix
1080 1069 1176 1102 nimis
1202 1078 1262 1110 per
1284 1069 1396 1111 filium,

260 1117 369 1148 Mater
393 1116 456 1149 Dei
482 1120 513 1148 et
538 1117 687 1158 hominis,
959 1118 1060 1157 Quem
1085 1120 1160 1149 ante
1184 1126 1278 1150 omne
1303 1118 1466 1149 saeculum

261 1164 349 1197 Nata
373 1165 406 1197 in
431 1166 551 1198 mundo
578 1165 692 1198 similis
954 1166 1007 1198 De
1032 1165 1130 1198 corde
1154 1167 1257 1206 patris
1284 1167 1426 1207 genitum

257 1211 333 1244 Non
358 1216 408 1246 est
431 1213 494 1245 tibi
518 1222 559 1246 ex
584 1213 723 1246 feminis
955 1215 1037 1247 Post
1060 1213 1203 1254 concipis
1226 1223 1287 1254 per
1312 1213 1474 1253 spiritum.

183 1299 222 1331 ,3.
263 1299 314 1331 Tu
338 1301 409 1333 sola
427 1302 532 1332 mater
556 1301 648 1342 virgo
674 1309 718 1341 eS,
886 1301 917 1333 7.
957 1300 1058 1339 Quem
1082 1308 1140 1332 nos
1166 1308 1347 1339 precamur,
1375 1299 1518 1341 domina,

260 1347 311 1380 Tu
334 1351 431 1389 porta
452 1349 534 1381 caeli
557 1357 739 1389 permanes,
956 1348 1021 1381 Per
1045 1351 1078 1380 te
1103 1350 1213 1379 reatus
1235 1346 1384 1387 pondera

259 1395 320 1434 Qui
344 1400 421 1429 sunt
444 1405 504 1436 per
528 1397 633 1429 Evam
657 1394 793 1436 flebiles,
955 1396 1052 1428 Nunc
1077 1395 1197 1428 allevet
1220 1395 1268 1427 sic
1292 1397 1398 1436 antea,

262 1443 323 1476 Per
346 1447 381 1476 te
403 1443 488 1477 fiunt
509 1454 597 1477 nunc
621 1445 756 1478 alacres.
955 1444 1005 1477 Ut
1024 1443 1151 1485 judicet
1173 1452 1233 1475 nos
1256 1445 1381 1483 postea.

185 1532 216 1564 4.
260 1530 313 1563 Fit
334 1533 429 1563 natus
456 1538 496 1562 ex
521 1533 555 1562 te
578 1532 631 1563 vir
654 1540 766 1574 novus,
887 1532 919 1564 8.
958 1531 1058 1563 Trino
1085 1532 1117 1561 et
1139 1529 1197 1561 uni
1221 1529 1356 1571 gloriam

258 1579 409 1621 Mortem,
423 1587 515 1618 quam
525 1579 634 1612 Adam
642 1577 708 1611 fert
715 1583 819 1623 vetus,
956 1578 1026 1611 Deo
1053 1587 1205 1611 canamus
1232 1577 1384 1617 debitam,

256 1626 308 1658 De
329 1630 434 1660 morte
457 1625 566 1659 aufert
591 1627 735 1669 coelitus,
957 1627 1017 1667 Qm·
1042 1635 1168 1660 omnem
1193 1636 1213 1658 a
1237 1635 1273 1658 se
1299 1626 1462 1659 conditam

257 1673 460 1718 Vitammue]
490 1675 547 1708 dat
571 1675 789 1710 credentibus.
953 1675 1073 1708 Mundi
1098 1675 1258 1716 gubernat
1283 1673 1450 1708 fabricam.

261 1741 327 1769 Fol.
351 1742 387 1770 29
407 1743 437 1771 b.
458 1756 497 1761 —
518 1743 543 1777 1,
565 1743 583 1770 2
605 1743 664 1777 Qui
685 1751 771 1771 aures
791 1743 847 1771 Hs.
868 1758 907 1763 —
927 1744 953 1776 7,
976 1742 992 1770 3
1013 1743 1078 1770 Nec
1097 1741 1196 1769 alleva
1217 1741 1274 1769 Hs.

724 1914 815 1947 Alius
834 1915 981 1956 hymnus.

182 1985 213 2019 1.
257 1985 328 2017 Ave
354 1985 434 2018 coeli
456 1985 567 2026 janua,
884 1986 916 2019 3.
955 1985 980 2018 O
1007 1985 1098 2028 virgo
1130 1985 1344 2025 sanctissima,

255 2032 358 2066 Stella
381 2034 481 2066 maris
504 2034 623 2077 lucida,
953 2034 1102 2066 Prudens
1130 2035 1162 2065 et
1185 2033 1333 2074 pacifica,

252 2082 351 2123 Virgo
376 2082 604 2121 sacratissima,
953 2083 1041 2122 Quae
1064 2089 1224 2123 praesago
1250 2081 1357 2115 animo

251 2130 314 2163 Dei
335 2134 441 2165 mater
463 2131 579 2164 inclita
601 2131 719 2165 Maria.
952 2130 1099 2164 Gabrieli
1125 2131 1296 2163 credidisti
1319 2131 1443 2166 nuntio.

178 2220 210 2253 2.
250 2217 349 2258 Quem
374 2219 509 2261 superni
532 2221 668 2260 pectora
881 2219 914 2252 4.
957 2218 1032 2251 Non
1057 2222 1091 2252 te
1111 2217 1288 2251 infidelitas

250 2266 321 2299 Sibi
345 2268 432 2309 regis
455 2268 584 2301 unicam
953 2265 1166 2302 Perturbavit
1191 2267 1310 2308 aliqua,

248 2316 436 2358 Praeelegit
457 2315 612 2351 famulam
955 2316 1021 2349 Sed
1048 2316 1166 2350 divinis
1192 2316 1326 2348 credula

250 2365 338 2397 Ante
362 2365 461 2406 primi
485 2366 608 2402 saeculi
633 2368 793 2407 tempora.
954 2365 1053 2399 Coelo
1078 2368 1188 2397 terrae
1210 2364 1351 2398 intulisti
1375 2364 1505 2406 gaudia.
